1513 2382
186 66 262 104 132
362 65 446 104 AD
474 64 769 106 DIVERSOS.
799 65 899 104 LIB.
923 65 1043 106 XVI.
1071 68 1137 106 22.

181 175 248 212 ille
283 174 324 211 in
361 172 581 225 quotidiana
610 173 883 212 declamatione
911 175 1040 213 utilis:
1071 175 1137 214 sed
1169 176 1299 215 omnia

180 228 390 280 postposui,
405 227 615 266 dummodo
633 228 828 279 praeceptis
846 229 964 279 patris
981 242 1154 280 parerem
1170 245 1181 268 z
1204 231 1297 280 ὃιαῤ-

185 282 288 330 ῥηὸην
326 282 428 320 enim
462 282 672 333 scripserat,
704 290 749 319 ut
779 295 868 320 eum
898 282 1130 322 dimitterem
1159 285 1302 323 statim.

182 335 442 387 Tergiversari
455 336 576 383 nolui,
589 348 637 373 ne
652 348 739 373 mea
756 335 875 374 nimia
897 335 1028 380 σπουὸη
1045 338 1298 389 suspicionem

180 390 215 429 ei
229 390 399 442 aliquam
417 390 652 441 importaret.
682 389 832 428 Deinde
846 389 943 427 illud
963 389 1079 428 etiam
1097 391 1194 429 mihi
1213 405 1299 430 suc-

181 446 369 491 currebat,
389 457 504 495 grave
530 457 622 490 esse,
642 456 706 481 me
724 443 771 481 de
796 443 941 492 judicio
967 445 1086 495 patris
1112 445 1297 495 judicare.

184 498 321 536 Tuum
339 506 469 536 tamen
498 498 668 536 studium
695 505 732 536 et
759 497 961 536 consilium
989 507 1143 549 gratum
1171 513 1303 552 accep-

181 559 345 604 tumque
363 559 418 590 est
436 552 545 589 mihi.

236 606 534 644 Excusationem
554 605 817 656 angustiarum
845 605 904 644 tui
930 606 1112 657 temporis
1129 607 1296 660 accipio:

181 660 258 699 scio
288 661 404 707 enim,
439 673 558 711 quam
586 660 705 698 soleas
727 672 806 697 esse
835 667 1053 710 occupatus.
1091 660 1244 700 Emisse
1262 670 1300 700 te

180 714 371 766 praedium
390 713 631 752 vehementer
656 713 829 763 gaudeo:
858 712 1095 764 feliciterque
1122 715 1193 753 tibi
1216 729 1299 754 rem

182 769 295 807 istam
316 767 464 806 evenire
483 768 607 819 cupio.
638 767 726 805 Hoc
743 767 826 805 loco
844 779 908 804 me
925 766 996 805 tibi
1008 768 1206 818 gratulari,
1221 770 1301 808 noli

181 822 335 860 mirari:
368 821 502 859 eodem
521 822 624 860 enim
643 821 720 859 fere
730 822 827 869 Ioco,
847 827 890 858 tu
909 834 1076 872 quoque,
1097 821 1231 861 emisse
1249 830 1301 871 te,

180 876 302 914 fecisti
321 889 384 914 me
403 875 610 913 certiorem.
641 875 787 921 Habes,
800 875 869 913 ubi
887 874 1120 926 deponendae
1138 876 1208 915 tibi
1225 877 1302 915 sint

181 930 426 969 urbanitates.
455 930 640 968 Rusticus
658 930 860 967 Romanus
878 928 1001 967 factus
1016 941 1068 967 es.
1094 929 1302 977 Quomodo

178 998 250 1036 ego
265 984 362 1022 mihi
375 995 478 1022 nunc
497 992 585 1022 ante
598 983 726 1021 oculos
745 990 858 1021 tuum
874 982 1201 1032 jucundissimum
1215 998 1305 1024 con-

181 1046 355 1091 spectum
379 1040 583 1090 propono?
611 1037 741 1074 videor
770 1036 874 1074 enim
904 1036 1030 1075 videre
1057 1045 1247 1077 ementem
1267 1046 1305 1078 te

181 1093 340 1132 rusticas
354 1105 426 1139 reS,
441 1104 531 1131 cum
543 1091 668 1129 villico
686 1090 953 1142 loquentem,'
942 1103 983 1128 1n
1000 1091 1140 1130 lacinia
1151 1105 1306 1132 servan-

181 1156 260 1186 tem
289 1160 337 1185 ex
365 1159 499 1184 mensa
520 1143 682 1183 secunda
711 1144 868 1182 semina.
897 1144 987 1193 Sed,
1014 1145 1118 1196 quod
1142 1146 1192 1184 ad
1219 1160 1302 1186 rem

181 1201 358 1253 pertinet,
378 1212 442 1237 me
469 1208 555 1237 tum
584 1199 655 1247 tibi
684 1198 861 1247 defuisse,
891 1211 999 1249 aeque
1024 1211 1068 1237 ac
1099 1206 1157 1248 tu,
1177 1200 1300 1239 doleo.

181 1255 259 1295 Sed
288 1254 368 1292 noli
393 1253 581 1299 dubitare,
612 1253 669 1290 mi
700 1252 808 1300 Tiro,
840 1251 935 1303 quin
965 1259 1003 1290 te
1034 1253 1301 1293 sublevaturus

183 1309 274 1357 sim,
309 1308 340 1346 si
368 1307 484 1346 modo
513 1307 667 1345 fortuna
691 1319 779 1351 me3
809 1304 1020 1357 praesertim
1050 1319 1139 1346 cum
1167 1306 1299 1358 sciam,

182 1374 428 1403 communem
447 1360 556 1399 nobis
576 1368 723 1399 emtum
738 1373 816 1398 esse
828 1359 947 1397 istum
959 1359 1140 1399 fundum.

238 1417 301 1455 De
320 1414 510 1454 mandatis
528 1414 632 1466 quod
650 1414 721 1452 tibi
739 1427 839 1452 curae
852 1414 940 1461 fuit,
954 1414 1117 1452 estmihi
1134 1421 1288 1466 gramm

183 1471 260 1511 Sed
278 1478 366 1522 peto
385 1483 409 1507 a
427 1477 477 1516 te,
490 1479 534 1507 ut
553 1481 672 1520 quam
691 1468 883 1507 celerrime
900 1467 997 1505 mihi
1015 1468 1192 1508 librarius
1210 1470 1302 1508 mit-

184 1522 302 1572 tatur,
322 1523 492 1561 maxime
511 1522 667 1574 quidem
684 1521 1066 1560 Graecus2mu1tum
1083 1523 1181 1562 mihi
1198 1523 1301 1563 enim

183 1579 343 1630 eripitur
371 1590 506 1638 operae·
512 1577 554 1614 in
577 1575 830 1615 exscribendis
859 1576 1180 1628 hypomnematis.
1219 1577 1301 1626 Tu,

183 1633 314 1680 velim,
334 1632 375 1669 in
392 1631 527 1683 primis
546 1643 653 1669 cures
670 1637 714 1668 ut
733 1630 873 1677 valeas,
902 1637 947 1668 ut
972 1643 1052 1668 una
1078 1637 1303 1681 συμφιλολο-

184 1702 256 1735 γειν
274 1687 480 1739 possimus.
506 1684 703 1723 Anterum
717 1683 787 1723 tibi
805 1684 1043 1724 commendo.
1072 1685 1184 1726 Vale.

322 1844 437 1895 (22.)
467 1841 715 1882 TULLIUS
744 1842 957 1884 TIRONI
983 1844 1024 1885 S.
1048 1844 1096 1883 P.
1116 1845 1169 1884 D.

244 1970 569 2023 (Argumentum.
584 1971 895 2011 -Valetudinis
925 1973 1102 2011 curandae
1125 1973 1305 2014 admonet

188 2032 460 2127 ωςζᾳτλῖηιεω·
490 2025 663 2064 librarios
683 2034 810 2065 tamen
829 2040 958 2078 regere
977 2028 1111 2077 jubet.
1141 2028 1247 2068 addit
1257 2029 1305 2069 de

190 2091 303 2117 varus
