1513 2382
251 110 302 147 34
423 106 503 145 AD
531 104 827 145 DIVERSOs.
858 105 958 144 12113.
977 105 1102 144 XIII.
1132 105 1197 143 33.

253 224 289 253 te
323 228 369 252 ex
399 214 443 253 C.
465 213 590 252 Flavii
611 213 733 252 officio
763 221 800 251 et
827 211 1076 262 observantia,
1107 220 1145 250 et
1180 217 1361 264 praeterea

252 268 450 319 splendore
468 276 582 319 atque
601 268 698 305 inter
716 280 802 306 suos
824 267 960 318 gratia,
985 270 1168 318 magnam
1187 265 1362 316 volupta-

252 331 330 360 tem
349 335 426 361 aese
444 330 658 373 capturum.
689 321 798 359 Vale.

303 482 417 533 (32.)
448 483 508 521 M.
524 483 573 521 T.
591 482 635 521 C.
663 481 882 530 ACILIO,
914 482 1077 527 PROC.
1106 483 1146 523 S.
1161 482 1210 520 P.
1231 481 1284 520 D.

302 592 622 641 (Argumentum.
637 612 688 623 —
700 591 881 643 Hospites
902 604 1001 640 suos,
1013 590 1306 642 Archagathum
1326 598 1364 629 et

249 646 468 694 Philonem,
484 645 756 694 commendat.)

304 753 353 790 In
387 751 575 790 Halesina
604 752 767 796 civitate,
795 759 874 789 tam
901 752 1009 790 lauta
1037 758 1195 802 tamque
1224 752 1358 801 nobili,

249 806 575 856 conjunctissimos
593 805 714 843 habeo
734 813 771 843 et
788 805 952 856 hospitio
971 813 1009 843 et
1025 805 1282 844 familiaritate
1296 806 1360 844 M.

249 869 285 898 et
302 864 346 898 U.
370 859 538 912 Clodios,
555 859 850 909 Archagathum
869 868 906 898 et
921 859 1138 897 Philonem.
1168 859 1244 897 Sed
1257 872 1361 898 vere-

248 927 304 959 or,
342 925 404 960 ne,
432 913 522 963 quia
551 913 765 963 complures
795 913 863 950 tibi
900 913 1089 964 praecipue
1121 913 1361 962 commendo,

249 979 448 1018 exaequare
467 966 594 1004 videar
607 966 813 1004 ambitione
828 966 996 1017 quadam
1016 966 1361 1005 commendationes

246 1034 375 1058 meas:
407 1032 644 1071 quamquam
663 1033 685 1057 a
703 1028 740 1058 te
763 1019 920 1071 quidem
949 1020 1302 1058 cumulate-satisfit
1324 1027 1362 1058 et

246 1075 358 1121 mihi,
391 1082 428 1111 et
455 1074 552 1111 meis
577 1073 766 1111 omnibus.
813 1074 889 1111 Sed
918 1074 1034 1112 velim
1062 1074 1116 1111 sic
1151 1073 1358 1122 existimes,

246 1128 345 1166 hanc
361 1127 565 1173 familiam,
586 1134 623 1165 et
640 1126 723 1174 hos,
742 1126 841 1165 mihi
853 1127 1022 1165 maxime
1041 1139 1121 1165 esse
1139 1128 1359 1176 conjunctos

246 1189 444 1230 vetustate,
465 1180 609 1242 officiis,
629 1180 902 1218 benevolentia.
931 1180 1210 1229 Quamobrem,
1230 1191 1318 1232 peto
1336 1194 1360 1220 a

245 1243 282 1273 te
309 1237 494 1284 majorem
519 1235 560 1272 in
585 1234 760 1280 modum,
786 1242 831 1272 ut
854 1234 928 1282 his,
956 1234 1134 1273 omnibus
1160 1234 1201 1272 in
1230 1237 1358 1284 rebus,

245 1296 435 1339 quantum
454 1294 521 1325 tua
548 1288 640 1325 fides
659 1287 898 1339 dignitasque
920 1287 1099 1340 patietur,
1128 1289 1357 1327 common

244 1342 294 1380 Id
312 1343 342 1381 si
357 1341 500 1391 feceris,
514 1342 584 1380 erit
602 1341 698 1380 mihi
714 1341 1040 1381 vehementissime
1051 1348 1216 1393 gratum.
1246 1342 1359 1381 Vale.

313 1501 427 1551 (33.)
459 1502 522 1542 Μ
536 1502 585 1540 T.
600 1503 645 1541 C.
674 1501 893 1551 ACILIO,
924 1500 1087 1542 PROC.
1116 1502 1155 1540 S.
1169 1500 1216 1538 P.
1232 1498 1286 1537 D.

313 1610 637 1660 (Argumentum.
662 1633 712 1641 —
733 1612 901 1650 Nasonis
939 1612 1093 1650 libertos
1125 1619 1163 1649 et
1206 1609 1359 1677 negotia

243 1664 515 1714 commendat.)

295 1769 412 1810 Cnaeo
449 1771 615 1810 Otacilio
643 1772 800 1810 Nasone
831 1780 920 1811 utor
955 1772 1262 1825 familiarissime,
1299 1772 1354 1811 ita

239 1836 408 1874 prorsus,
429 1833 473 1862 ut
490 1826 593 1864 illius
621 1825 762 1864 ordinis
789 1826 898 1864 nullo
916 1822 1155 1864 familiarius.
1183 1827 1291 1864 Nam
1316 1833 1354 1864 et

241 1877 480 1916 humanitate
499 1881 580 1928 ejus
594 1888 632 1917 et
644 1880 854 1929 probitate
843 1892 883 1917 m
903 1876 1173 1918 consuetudine
1187 1878 1354 1932 quotidi-

237 1943 313 1968 ana
327 1943 557 1982 magnopere
571 1932 744 1970 delector.
774 1933 887 1971 Nihil
909 1934 993 1982 jam
1011 1946 1107 1984 opus
1125 1940 1182 1975 est
1199 1945 1354 1983 exspec-

236 1991 320 2022 tare
337 1991 389 2031 te,
410 1987 550 2036 quibus
569 1999 657 2024 eum
680 1987 803 2025 verbis
821 1987 892 2025 tibi
910 1986 1186 2052 commendem,
1207 1998 1284 2037 quo
1298 1986 1352 2024 sic

236 2046 338 2084 utar,
365 2046 409 2075 ut
437 2039 577 2090 scripsi.
620 2040 779 2078 Habet
768 2053 800 2078 ls
818 2040 858 2078 in
877 2040 1071 2091 provincia
1092 2040 1162 2077 tua
1185 2039 1352 2090 negotia,

234 2104 321 2141 quae
353 2100 557 2142 procurant
580 2093 721 2140 liberti,
743 2094 918 2142 Hilarus,
938 2094 1173 2145 Antigonus,
1200 2092 1349 2131 Demo-

233 2152 396 2189 stratus;
427 2159 522 2197 quos
549 2146 631 2194 tibi,
659 2149 886 2198 negotiaque
914 2147 1045 2186 omnia
1067 2146 1249 2194 Nasonis,
1268 2158 1346 2184 non

229 2211 333 2238 secus
349 2199 587 2248 commendo,
603 2213 645 2239 ac
657 2200 688 2238 si
699 2213 784 2239 mea
796 2209 929 2240 essent.
959 2201 1230 2240 Gratissimum
1245 2198 1342 2238 mihi
