1513 2382
215 85 293 124 292
419 83 500 122 AD
528 82 813 123 ATTICUM.
842 83 937 121 Lm.
959 83 1009 122 V.
1039 84 1104 122 20.

269 190 311 228 N
313 203 387 229 unc
415 190 566 242 publice
588 190 714 229 literas
743 189 914 229 Romam
944 189 1094 227 mittere
1122 189 1332 240 parabam..

215 244 418 282 Uberiores
445 253 569 291 erunt,
598 256 715 296 quam
734 243 766 281 si
783 257 832 282 ex
848 243 1006 282 Amano
1027 241 1225 280 misissem.
1262 242 1321 279 At

215 304 253 334 te
272 298 409 335 Romae
426 310 501 335 non
523 298 602 336 fore
616 300 634 336 Ρ
653 297 718 335 sed
729 303 784 334 est
797 304 936 344 totum,
951 295 1054 347 quod
1065 294 1147 333 Cal.
1168 294 1331 338 Martiis

214 350 391 388 futurum
411 359 489 389 est:
520 364 647 390 vereor
665 351 781 398 enim,
794 362 857 397 ne,
869 362 959 387 cum
970 348 1017 386 de
1027 347 1221 399 provincia
1234 360 1324 399 age-

215 411 293 450 tur,
325 404 357 442 si
391 405 518 443 Caesar
546 405 705 452 resistet,
740 415 808 441 nos
843 403 1085 440 retineamur.
1127 401 1203 440 His
1227 408 1270 438 tu
1293 401 1325 439 si

217 457 377 504 adesses,
397 458 491 495 nihil
511 458 697 495 timerem.

269 510 400 548 Redeo
420 511 470 548 ad
488 513 658 555 urbana3
692 523 778 561 quae
796 522 865 560 ego
883 509 950 546 diu
967 508 1160 559 ignorans,
1181 520 1229 545 ex
1247 507 1324 546 tuis

211 564 497 613 jucundissimis
523 564 640 602 literis
659 577 692 601 a.
716 563 754 600 d.
775 563 813 601 V
835 561 919 600 Cal.
952 562 1043 600 Jan.
1075 561 1238 612 denique
1262 573 1325 600 co-

215 617 341 667 gnovi.
379 618 458 655 Eas
481 617 765 668 diligentissime
783 616 1025 667 Philogenes,
1045 614 1202 652 libertus
1220 620 1325 661 tuus,

217 671 374 717 curavit,
394 671 578 722 perlonga
596 678 633 709 et
657 682 734 708 non
752 669 840 708 satis
865 670 948 707 tuta
965 669 1040 717 via,
1060 667 1298 719 perferendas
1311 681 1324 706 z

216 736 322 770 nam,
340 738 434 775 quas
455 724 566 762 Lenii
579 725 706 775 pueris
719 723 846 761 scribis
865 722 987 768 datas,
1006 734 1083 759 non
1097 733 1327 772 acceperam.

219 775 442 829 [Jucunda]
457 778 503 816 de
517 778 679 826 Caesare,
693 784 730 815 et
741 790 826 828 quae
840 783 990 814 senatus
1002 774 1177 823 decrevit,
1190 781 1228 813 et
1241 787 1328 825 quae

218 838 262 867 tu
278 843 426 881 speras:
458 832 596 882 quibus
610 832 675 869 ille
687 831 719 869 si
736 830 847 876 cedit,
864 830 957 867 salvi
971 841 1118 866 sumus.

273 884 455 922 Incendio
467 885 695 923 Plaetoriano
713 883 816 935 quod
827 883 935 922 Seius
953 884 1151 920 ambustus
1169 888 1240 927 est,
1254 880 1329 918 mi-

219 948 293 974 nus
322 939 480 976 moleste
511 938 602 976 fero.
636 937 823 976 Lucceius
848 937 895 974 de
913 935 964 984 Q.
996 934 1128 975 Cassio
1152 948 1220 973 cur
1247 941 1328 973 tam

219 990 422 1030 vehemens
439 992 569 1039 fuerit,
586 1000 624 1030 et
641 991 735 1043 quid
756 998 885 1028 actum
904 991 965 1037 sit,
985 1002 1076 1028 aveo
1094 988 1196 1027 scire.
1224 987 1328 1038 Ego,

218 1056 309 1082 cum
342 1045 571 1083 Laodiceam
595 1058 744 1093 venero,
775 1044 937 1092 Quinto,
969 1043 1102 1081 sororis
1130 1050 1206 1080 tuae
1234 1041 1328 1090 filio,

218 1104 350 1148 togam
368 1111 506 1149 puram
530 1099 666 1147 jubeor
683 1099 797 1144 dare3
827 1097 890 1135 cui
917 1097 1140 1135 moderabor
1167 1094 1329 1146 diligen-5

220 1151 308 1189 tius.
340 1151 559 1199 Deiotarus,
579 1154 687 1202 cujus
706 1151 858 1190 auxiliis
882 1151 1032 1201 magnis
1050 1162 1141 1188 usus
1159 1161 1260 1196 sum,
1280 1148 1329 1186 ad

219 1216 283 1242 me
300 1206 362 1256 (ut
375 1206 536 1256 scripsit)
551 1218 636 1243 cum
653 1205 896 1244 Ciceronibus
907 1203 1134 1242 Laodiceam
1146 1209 1329 1240 venturus

220 1265 311 1295 erat.
341 1259 449 1296 Tuas
465 1259 578 1297 etiam
597 1259 810 1310 Epiroticas
829 1264 1004 1308 exspecto
1021 1257 1148 1294 literas
1163 1269 1176 1301 ;
1205 1262 1250 1292 ut
1260 1254 1330 1292 ha-

218 1311 331 1349 beam
359 1312 543 1350 rationem
561 1324 638 1350 non
665 1312 780 1349 modo
798 1310 953 1361 negotii,
973 1322 1105 1348 verum
1130 1309 1244 1347 etiam
1263 1308 1330 1346 otii

219 1364 290 1401 tui.
323 1365 491 1403 Nicanor
508 1365 548 1402 in
567 1365 688 1403 officio
707 1372 776 1412 est,
797 1371 835 1402 et
853 1377 876 1401 a
893 1375 956 1401 me
973 1362 1177 1401 liberaliter
1195 1368 1333 1399 tracta..

221 1424 307 1455 tur:
338 1431 469 1469 quem,
494 1425 539 1455 ut
567 1425 674 1468 puto,
709 1419 877 1456 Romam
910 1428 998 1454 cum
1026 1415 1144 1453 literis
1167 1414 1331 1465 publicis

221 1470 401 1516 mittam,
430 1478 474 1509 ut
502 1478 540 1509 et
568 1471 786 1522 diligentius
803 1469 1053 1520 perferantur,
1087 1475 1124 1506 et
1155 1468 1258 1506 idem
1283 1467 1333 1505 ad

219 1536 284 1562 me
309 1531 408 1562 certa
436 1524 483 1562 de
512 1531 549 1562 te
582 1531 618 1562 et
643 1538 666 1562 a
690 1532 728 1562 te
755 1523 902 1561 referat.
941 1521 1079 1559 Alexis
1107 1521 1212 1573 quod
1234 1520 1333 1559 mihi

220 1577 330 1616 toties
360 1579 520 1616 salutem
543 1577 732 1624 adscribit,
764 1583 819 1615 est
850 1583 1029 1626 gratum,
1059 1575 1124 1613 sed
1155 1587 1222 1613 cur
1253 1586 1328 1612 non

221 1631 299 1668 suis
313 1631 429 1669 literis
443 1632 544 1669 idem
561 1631 665 1679 facit,
686 1630 790 1682 quod
807 1642 915 1667 meus
933 1628 981 1666 ad
1000 1636 1037 1667 te
1056 1628 1190 1667 Alexis
1207 1627 1297 1667 facit
1310 1629 1329 1666 ,⁹

222 1684 384 1723 Phemio
412 1685 594 1736 quaeritur
613 1699 730 1735 κερας.
759 1683 835 1722 Sed
851 1682 1143 1727 haechactenus.

274 1738 379 1776 Cura
397 1747 440 1776 ut
458 1739 596 1785 valeas,
620 1744 658 1775 et
680 1745 724 1775 ut
742 1738 873 1785 sciam,
893 1735 1047 1787 quando
1073 1735 1212 1786 cogites
1247 1735 1329 1774 Ro·-

221 1802 340 1829 mam.
369 1792 502 1830 Etiam
530 1799 643 1842 atque
661 1792 776 1829 etiam
794 1791 888 1829 vale.
918 1789 1009 1827 Tua
1026 1796 1186 1841 tuosque
1204 1789 1330 1828 Ther-

220 1856 286 1882 mo
304 1853 341 1882 et
358 1858 521 1896 praesens
540 1845 684 1895 Ephesi
697 1842 981 1894 diligentissime
1005 1842 1328 1891 commendaram,

223 1906 261 1935 et
282 1910 385 1936 nunc
408 1911 475 1949 per
491 1899 642 1937 literas:
672 1899 876 1949 ipsumque
899 1895 1069 1934 intellexi
1089 1909 1166 1934 esse
1183 1904 1331 1946 perstu-

222 1950 370 1989 diosum
391 1952 459 1989 tui.
489 1952 568 1998 Tu,
589 1952 717 1998 velim,
739 1950 842 2002 quod
859 1956 970 1988 antea
986 1949 1035 1986 ad
1053 1955 1090 1987 te
1108 1949 1253 2000 scripsi,
1281 1948 1330 1987 de

221 2003 336 2042 domo
355 2006 571 2053 Pammeni,
592 2005 657 2043 des
675 2017 843 2056 operam,
869 2010 927 2051 ut,
958 2002 1061 2054 quod
1083 2009 1149 2040 tuo
1167 2014 1330 2052 meoque

222 2057 402 2096 beneficio
420 2072 514 2109 puer
538 2059 668 2106 habet,
687 2071 807 2104 cureS,
828 2070 876 2096 ne
894 2054 970 2108 qua
986 2054 1130 2094 ratione
1143 2055 1330 2094 convella-

220 2117 294 2148 tur.
324 2111 487 2162 Utrique
500 2114 671 2150 nostrum
690 2111 893 2150 honestum
911 2108 1107 2154 existim03
1128 2116 1211 2147 tum
1231 2107 1327 2145 mihi

221 2164 289 2202 erit
308 2173 537 2216 pergratum.
