1513 2382
263 77 345 116 390
441 74 525 115 AD
552 74 840 116 ATTICUM.
869 75 968 115 Lm.
990 73 1112 115 VIII.
1144 77 1206 115 14.

252 191 523 222 convenerunt.
553 183 684 232 Quare
696 183 926 235 daoperam,
946 184 978 222 si
996 183 1078 222 ulla
1095 184 1241 223 ratione
1257 184 1372 223 etiam

250 249 356 275 nunc
375 237 520 276 efficere
534 245 655 288 poteS,
675 246 720 275 ut
739 245 776 276 te
794 237 972 288 explices,
986 237 1062 275 huc
1081 238 1371 289 quamprimum

251 291 394 338 venias,
418 299 626 343 antequam
656 303 787 329 omnes
819 291 937 342 copiae
965 290 1266 329 adversariorum
1283 304 1371 330 eon-

251 344 417 382 venIant.
447 345 587 396 Neque
608 344 712 382 enim
731 344 898 383 celeriter
911 357 960 382 ex
977 344 1186 382 delectibus
1203 344 1280 383 huc
1298 345 1369 383 ho-

250 397 374 436 minae
393 399 591 437 convenire
619 406 804 449 possunt.
839 404 890 445 et,
914 397 946 436 si
971 398 1226 446 convenirent,
1245 410 1370 449 quan-

250 458 336 489 tum
366 451 412 489 iis
438 451 757 490 committendum
789 451 837 489 sit
868 451 991 502 (quod
1020 450 1119 488 inter
1148 464 1188 489 se
1211 463 1260 490 ne
1288 452 1368 490 noti

250 505 407 555 quidem
422 513 528 554 sunt)
553 513 683 544 contra
708 512 903 545 veteranas
920 505 1100 556 legiones,
1120 516 1198 544 non
1216 512 1254 544 te
1270 518 1368 557 prae-

250 558 380 597 terit.”

475 720 589 773 (13.)
619 720 831 761 CICERO
858 719 1075 760 ATTICO
1103 721 1144 760 s.

303 827 565 880 Lippitudinis
593 841 689 868 meae
720 829 874 880 signum
896 828 967 868 tibi
985 829 1034 867 sit
1050 827 1195 866 librarii
1213 840 1366 876 manus,

248 889 286 919 et
305 883 438 920 eadem
458 895 571 921 causa
600 883 822 921 brevitatis:
853 883 923 921 etsi
948 894 1051 920 nunc
1069 881 1242 933 quidem,
1262 883 1367 934 quod

247 935 463 983 scriberem,
484 936 582 974 nihil
610 944 700 974 erat.
732 936 873 976 Omnis
892 935 1122 987 exspectatio
1140 943 1268 974 nostra
1286 943 1365 975 erat

247 988 286 1026 in
306 990 450 1028 nuntiis
475 990 733 1028 Brundisinis.
774 990 816 1029 Si
845 997 978 1029 nactus
1005 989 1068 1027 hic
1086 996 1182 1028 aeset
1200 989 1363 1028 Cnaeum

246 1050 433 1088 nostrum,
455 1056 540 1095 spes
559 1044 676 1082 dubia
703 1044 831 1096 pacis:
863 1043 921 1082 sin
939 1043 1004 1081 ille
1022 1049 1111 1081 ante
1135 1043 1367 1082 transmisis-

246 1103 315 1142 set,
337 1097 485 1136 exitiosi
502 1098 594 1136 belli
612 1105 750 1136 metus.
791 1098 868 1137 Sed
897 1097 1065 1143 videsne,
1093 1096 1135 1134 in
1153 1109 1271 1148 quem
1295 1097 1365 1136 ho-

246 1150 390 1188 minem
417 1151 590 1190 inciderit
622 1151 835 1202 respublica
852 1154 870 1190 9
899 1163 1018 1202 quam
1039 1157 1212 1198 acutum,
1244 1163 1364 1202 quam

245 1204 482 1254 vigilantem,
513 1217 633 1256 quam
660 1207 871 1257 paratum?
901 1204 943 1243 Si
969 1204 1220 1255 (mehercule)
1241 1204 1367 1242 nemi-

246 1268 335 1294 nem
372 1258 561 1306 occiderit,
600 1270 671 1296 nec
707 1258 888 1310 cuiquam
925 1257 1139 1308 quidquam
1166 1257 1365 1306 ademerit,

245 1311 295 1348 ab
320 1311 394 1359 his,
419 1311 486 1363 qui
505 1324 595 1351 eum
613 1312 783 1350 maxime
801 1312 1022 1359 timuerant,
1041 1310 1365 1362 maximedilige-

248 1370 323 1401 tur.

300 1417 480 1456 Multum
504 1429 659 1456 mecum
676 1418 928 1469 municipales
945 1416 1120 1455 homines
1137 1417 1366 1480 loquuntur,

245 1472 416 1509 multum
444 1471 637 1510 rusticani.
678 1472 792 1510 Nihil
819 1484 973 1522 prorsus
1001 1470 1107 1508 aliud
1125 1477 1273 1520 curant,
1293 1471 1366 1510 nisi

245 1537 369 1575 agros,
398 1525 472 1563 nisi
502 1525 668 1571 villulas,
700 1525 772 1563 nisi
803 1525 1026 1574 nummulos
1044 1537 1143 1562 suos.
1183 1524 1239 1562 Et
1264 1525 1366 1573 vide,

246 1591 366 1629 quam
380 1591 558 1617 conversa
575 1592 632 1617 res
647 1587 714 1617 aet.
745 1579 881 1627 Illum,
898 1591 975 1630 quo
989 1573 1101 1616 antea
1111 1577 1364 1627 confidebant,

245 1639 449 1678 metuunt3
478 1633 582 1670 hunc
601 1640 746 1680 amant,
766 1646 883 1684 quem
901 1633 1100 1670 timebant.
1143 1631 1194 1669 Id
1211 1632 1366 1694 quantis

246 1686 382 1724 nostris
409 1686 572 1737 peccatis
591 1686 768 1738 vitiisque
794 1685 973 1733 evenerit,
1003 1697 1080 1723 non
1109 1697 1267 1737 possum
1285 1686 1365 1725 sine

246 1739 420 1778 molesti&
438 1739 615 1790 cogitare.
660 1740 763 1788 Quae
781 1750 911 1779 autem
929 1739 1149 1791 impendere
1172 1746 1363 1790 putarem,

246 1793 466 1844 scripseram
482 1793 532 1832 ad
549 1801 610 1840 te;
640 1801 677 1833 et
691 1794 775 1844 jam
794 1801 878 1833 tuas
892 1793 1020 1832 literas
1039 1794 1317 1845 exspectabam.

462 1963 585 2016 (14.)
615 1964 826 2004 CICERO
854 1963 1078 2004 ATTICO
1107 1963 1147 2003 S.

302 2071 392 2108 Non
418 2071 565 2120 dubito,
584 2073 678 2124 quin
698 2072 767 2111 tibi
795 2072 933 2111 odiosae
951 2073 1027 2111 sint
1052 2071 1219 2124 epistolae
1237 2071 1365 2122 quoti-

246 2124 384 2173 dianae,
405 2138 494 2165 cum
512 2126 721 2178 praesertim
741 2139 865 2179 neque
883 2127 981 2168 nov&
1002 2127 1048 2166 de
1067 2140 1108 2165 re
1134 2125 1266 2178 aliqu&
1284 2137 1364 2164 cer-
