1513 2382
420 73 501 111 AD
529 73 814 112 ATTICUM.
846 74 946 112 Lm.
968 72 1017 110 V.
1048 73 1112 110 21.
1234 73 1313 110 295

210 178 308 217 licet.
339 178 427 229 lpse
440 178 480 216 in
498 180 635 218 Asiam
655 180 844 232 profectus
856 185 947 218 ‘sum
964 177 1083 216 Tarso
1103 178 1227 216 Nonis
1246 178 1273 216 J
1277 192 1319 216 a-

212 232 380 277 nuariis;
411 245 488 271 non
514 234 763 284 (mehercule)
793 234 867 272 dici
892 240 1028 284 potest,
1055 233 1133 283 qua
1155 231 1319 270 admira-

213 285 314 323 tione
334 284 478 324 Ciliciae
494 287 705 335 civitatum,
725 288 969 338 maximeque
987 285 1246 323 Tarsensium.

236 359 239 362 >
265 339 402 377 Postea
442 353 528 378 vero
564 353 681 392 quam
714 342 892 379 Taurum
928 346 1180 389 transgressus
1216 351 1317 386 sum,

211 391 371 431 mirifica
389 395 615 444 exspectatio
626 395 733 433 Asiae
746 402 960 432 nostrarum
974 392 1203 438 dioecesium,
1218 404 1328 442 quae,

213 458 279 483 sex
297 447 490 485 mensibus
509 447 660 499 imperii
677 448 767 495 mei,
787 449 912 486 nullas
936 459 1042 484 meas
1063 453 1254 496 acceperat
1272 445 1320 482 li-

213 505 323 547 teras,
345 512 543 551 nunquam
562 502 753 553 hospitem
772 502 926 543 viderat.
957 500 1063 538 Illud
1081 506 1208 536 autem
1224 506 1321 536 tem-

211 565 283 603 pus
302 555 506 604 quotannis
525 562 612 594 ante
636 568 699 594 me
723 556 846 594 fuerat
864 555 905 592 in
922 554 994 592 hoc
1012 560 1172 605 quaestu.
1216 551 1319 590 Civi-

211 613 307 644 tates
337 607 556 658 locupletes,
581 621 629 647 ne
663 609 705 647 in
739 610 898 648 hiberna
927 607 1068 645 milites
1101 606 1321 657 reciperent,

211 672 371 710 magnas
385 662 564 711 pecunias
577 663 742 701 dabant:
764 663 898 714 Cyprii
916 662 1059 699 talenta
1073 660 1204 697 Attica
1225 658 1319 704 CC;

211 713 291 763 qua
309 727 357 751 ex
374 714 501 753 insula
532 719 627 758 (non
658 716 914 766 ὑπερὲολικως,
941 715 1006 753 sed
1035 713 1237 761 verissime,
1265 714 1323 751 lo-

213 766 326 817 quor)
344 780 527 806 nummus
545 770 688 816 nullus,
709 783 772 808 me
789 770 996 816 obtinente,
1016 767 1241 818 erogabitur.

267 820 332 859 Ob
351 821 432 860 haec
446 823 639 871 beneficia,
660 824 800 874 quibus
817 823 875 860 illi
894 824 1177 873 obstupescunt,
1197 821 1323 859 nullos

213 874 372 913 honores
398 876 508 923 mihi,
528 877 601 914 nisi
626 879 841 924 verborum,
861 876 1010 914 decerni
1028 876 1136 913 sino:
1167 882 1322 921 statuas,

214 927 317 976 fana,
345 932 545 979 reSpnx-noz,
576 929 781 981 prohibeo:
812 943 882 967 nec
906 942 992 968 sum
1011 929 1051 966 in
1070 928 1152 966 ulla
1180 941 1220 966 re
1249 928 1326 966 alia

213 983 394 1020 molestus
413 983 652 1029 civitatibus;
673 983 739 1022 sed
756 984 912 1021 fortasse
930 982 1013 1030 tibi,
1035 983 1103 1034 qui
1123 982 1204 1020 haec
1227 995 1326 1033 prae-

213 1035 337 1074 dicem
356 1036 403 1074 de
420 1049 493 1074 me.
523 1037 670 1085 Perfer,
691 1037 722 1075 si
739 1049 802 1075 me
820 1049 925 1075 amas
942 1051 951 1074 ε
983 1044 1026 1074 tu
1044 1036 1146 1074 enim
1164 1048 1227 1073 me
1245 1036 1326 1075 haec

214 1089 335 1128 facere
352 1089 516 1128 voluisti.
1331 1099 1337 1104 ·

269 1142 348 1181 Iter
365 1143 483 1194 igitur
495 1144 548 1183 ita
561 1159 629 1197 per
643 1145 781 1184 Asiam
800 1145 885 1193 feci,
905 1152 950 1183 ut
968 1145 1082 1184 etiam
1100 1143 1234 1190 fames,
1251 1142 1329 1194 qua

213 1196 311 1235 nihil
329 1197 503 1236 miserius
521 1208 590 1247 est,
617 1213 704 1251 quae
721 1206 807 1236 tum
837 1206 916 1237 erat
937 1199 978 1236 in
1003 1199 1075 1236 hac
1102 1198 1189 1236 mea
1213 1197 1326 1244 Asia,

215 1251 367 1303 (messis
379 1251 481 1289 enim
492 1254 600 1291 nulla
610 1253 751 1303 fuerat)
771 1253 868 1290 mihi
886 1252 1052 1304 optanda
1065 1251 1186 1290 fuerit·
1219 1250 1331 1298 Qua-

214 1318 381 1356 cumque
408 1305 479 1343 iter
497 1306 583 1355 feci,
612 1308 721 1345 nulla
740 1307 792 1355 vi,
812 1307 920 1344 nullo
934 1306 1092 1355 judicio,
1112 1304 1222 1342 nulla
1240 1316 1329 1343 con-

216 1358 386 1406 tumelia,
403 1361 625 1399 auctoritate
636 1368 673 1400 et
687 1360 940 1399 cohortatione
950 1360 1103 1412 perfeci,
1116 1367 1161 1396 ut
1172 1366 1209 1396 et
1221 1358 1330 1396 Grae-

215 1412 250 1450 ci
269 1421 305 1451 et
323 1413 421 1452 cives
439 1414 622 1464 Romani,
653 1415 723 1466 qui
750 1414 988 1452 frumentum
1018 1419 1328 1464 compresserant,

215 1478 403 1518 magnum
421 1480 627 1506 numerum
645 1469 799 1520 populis
816 1468 1095 1518 pollicerentur.

270 1521 406 1561 Idibus
425 1522 655 1569 Februariis,
676 1535 753 1574 quo
772 1522 833 1559 die
850 1521 918 1559 has
936 1521 1062 1559 literas
1081 1519 1182 1564 dedi,
1202 1519 1330 1557 forum

216 1574 454 1613 institueram
498 1589 608 1626 agere
655 1576 854 1614 Laodiceae
895 1574 1181 1625 Cybiraticum3
1222 1575 1334 1624 Apa-

215 1640 345 1666 mense
364 1641 412 1667 ex
431 1627 566 1666 Idibus
585 1629 763 1673 Martiis3
784 1628 927 1667 ibidem
940 1628 1199 1679 Synnadense,
1215 1627 1333 1664 Pam-

217 1682 410 1733 phylium,
427 1685 528 1726 (tum
548 1683 709 1720 Phemio
720 1682 918 1733 dispiciam
935 1680 1056 1731 κερας)
1074 1680 1329 1732 Lycaonium,

216 1736 433 1774 Isauricum
449 1750 460 1773 z
491 1749 539 1774 ex
559 1736 694 1775 Idibus
712 1736 832 1774 Maiis
850 1736 889 1773 in
911 1734 1101 1783 Ciliciam,
1122 1742 1166 1772 ut
1183 1734 1237 1772 ibi
1255 1734 1285 1772 J
1289 1747 1333 1771 u-

217 1789 304 1827 nius
319 1800 588 1836 consumatu13
618 1790 748 1839 velim,
770 1789 974 1841 tranquille
992 1801 1014 1826 a
1033 1788 1197 1826 Parthis.

273 1843 471 1891 Quintilis,
503 1844 534 1881 si
557 1844 627 1882 erit
653 1851 698 1882 ut
729 1844 920 1890 volumus,
949 1843 990 1880 in
1015 1842 1148 1881 itinere
1171 1849 1239 1890 est,
1266 1853 1335 1892 per

216 1897 449 1948 provinciam
457 1897 717 1945 redeuntibus,
727 1896 1017 1936 consumendus.
1030 1896 1220 1935 Venimus
1232 1894 1332 1933 enim

215 1951 255 1988 in
276 1951 524 2001 provinciam,
541 1952 785 1997 Laodiceam,
806 1950 974 2002 Sulpicio
993 1957 1031 1988 et
1044 1949 1230 1989 Marcello
1245 1961 1334 1987 oon-

217 2004 378 2050 sulibus,
399 2005 520 2056 pridie
539 2005 621 2043 Cal.
642 2005 830 2044 Sextiles:
866 2004 954 2042 inde
976 2016 1045 2042 nos
1063 2010 1209 2055 oportet
1227 2003 1335 2041 dece-

218 2057 307 2096 dere
338 2071 372 2096 a.
400 2059 437 2097 d.
471 2059 533 2097 IV
566 2058 651 2099 Cal.
689 2060 793 2098 Sext.
841 2058 1019 2096 Primum
1048 2057 1278 2096 contendam
1310 2069 1334 2093 a

215 2111 369 2159 Quinto
386 2112 514 2158 fratrc,
535 2120 579 2151 ut
596 2126 636 2151 se
654 2113 794 2165 praefici
812 2112 1002 2164 patiatur:
1032 2112 1136 2164 quod
1159 2118 1196 2149 et
1213 2110 1280 2148 illo
1298 2116 1335 2147 et

216 2176 283 2205 me
299 2164 523 2207 invitissimo
546 2167 634 2206 fiet:
664 2167 729 2211 sed
755 2167 862 2206 aliter
880 2165 1035 2206 honeste
1063 2165 1144 2204 fieri
1170 2176 1245 2203 non
1265 2175 1334 2214 po-
