1513 2382
210 110 262 155 72
389 106 472 147 AD
500 105 795 147 DIVERSOS.
825 107 926 145 LIB.
956 105 1075 146 XIV.
1103 106 1142 144 6.

208 216 419 256 amicorum
436 215 567 263 literis,
589 229 683 267 quas
702 214 831 253 attulit
848 214 1029 261 Acastus,
1049 213 1098 251 311
1115 225 1224 252 311113
1240 225 1322 252 rem

209 278 398 322 spectare3
419 277 463 308 ut
477 269 586 317 mihi,
608 282 696 307 cum
715 281 864 315 venero,
885 268 1122 306 dissimulare
1138 279 1216 305 non
1233 267 1324 305 lice-

210 331 263 372 at,
280 324 373 375 quid
387 323 561 362 sentiam.
593 323 683 370 Sed,
703 323 858 374 quando
877 321 1076 360 subeunda
1086 321 1240 359 fortuna
1250 327 1320 369 651,

209 391 254 416 60
272 377 382 416 6111115
400 376 575 414 dabimus
601 389 754 427 operam
774 383 819 413 ut
837 375 1048 421 veniamus,
1074 388 1151 426 quo
1174 374 1323 413 facilius

208 432 255 469 de
274 430 350 469 tota
369 444 408 468 re
427 430 692 468 deliberemus.
731 429 810 477 Tu,
830 429 960 476 velim,
981 428 1102 479 (quod
1119 428 1320 467 commodo

204 484 432 523 valetudinis
450 492 526 521 tuae
544 483 626 531 fiat)
640 495 756 534 quam
769 483 987 534 longissime
1000 482 1152 534 poteris,
1169 481 1322 521 obviam

203 538 312 576 nobis
329 550 521 589 properes.

257 592 320 630 De
338 590 555 629 haereditate
574 590 771 638 Preciana,
793 604 879 641 quae
894 590 1049 642 quidem
1064 589 1160 627 mihi
1178 601 1322 640 magno

204 645 325 683 dolori
344 652 412 692 est,
437 644 564 696 (valde
583 644 685 693 enim
703 644 814 681 illum
830 643 973 693 amavi)
989 657 1001 689 ς
1031 643 1097 681 5611
1114 643 1187 682 1106
1204 643 1320 682 velim

206 712 336 737 cures:
369 699 399 736 si
416 697 541 736 auctio
560 705 647 735 ante
664 710 795 735 meum
816 697 1023 735 adventum
1042 696 1121 744 fiet,
1141 704 1186 735 ut
1200 697 1320 735 Pom-

204 752 357 803 ponius,
378 759 445 789 aut
475 750 552 802 (si
541 763 573 788 15
590 750 719 788 minus
743 749 900 802 poterit)
927 750 1128 810 Camillus,
1148 757 1321 788 nostrum

206 806 402 856 negotium
423 812 538 843 curet.
570 805 667 864 Nos,
690 817 778 842 cum
807 805 902 842 salvi
920 804 1149 849 venerimus»,
1175 804 1323 855 reliqua

204 872 273 910 per
301 872 369 897 nos
396 871 577 909 agemus:
609 857 666 895 sin
696 865 739 895 tu
766 859 849 907 jam
879 859 1009 896 Roma
1036 858 1205 909 profecta
1233 857 1320 906 eris,

204 920 334 950 tamen
353 911 514 973 curabis,
541 918 585 948 ut
603 911 675 949 hoc
692 911 746 948 ita
774 912 852 949 fiat.
892 912 991 960 Nos,
1023 911 1053 949 si
1075 911 1144 949 Dii
1161 910 1320 961 adjuva-

203 967 317 1014 bunt,
349 965 493 1004 circiter
523 964 617 1003 Idus
646 965 885 1003 Novembres
912 965 953 1003 in
984 964 1100 1003 Italia
1123 977 1319 1016 speramus

203 1019 295 1058 fore.
324 1020 420 1065 Vos,
439 1031 526 1056 mea
548 1017 769 1056 suavissima
799 1026 836 1056 et
860 1018 1097 1069 optatissima
1121 1018 1316 1066 Terentia,

205 1080 242 1110 et
254 1072 439 1119 Tulliola,
453 1072 483 1109 si
502 1084 570 1109 nos
584 1072 735 1119 amatis,
751 1079 879 1110 curate
894 1079 936 1110 ut
951 1071 1117 1110 valeatis.
1135 1071 1316 1122 Athenis,

201 1139 235 1164 3.
249 1126 286 1164 11.
306 1126 389 1165 XV
409 1124 595 1164 Calendas
613 1124 824 1163 Novembr.

250 1279 336 1331 (6.)
373 1281 432 1319 Μ.
448 1280 495 1318 Τ.
512 1279 557 1321 C.
588 1281 903 1375 TEISREnglAE
932 1281 1008 1321 ET
1034 1281 1271 1354 TULLIAE

256 1442 645 1495 (Argumentum—
662 1444 833 1482 Excusat
859 1444 1154 1495 infrequentiam
1186 1444 1312 1483 litera-

202 1509 311 1535 rum:
333 1504 377 1534 ut
395 1496 563 1544 satisfiat,
584 1497 645 1535 cui
663 1498 837 1546 debebat,
856 1505 987 1536 monet
1002 1513 1012 1535 ε
1034 1498 1173 1549 gratias
1184 1499 1247 1550 agi
1265 1500 1314 1538 ab

199 1550 282 1599 sua,
302 1562 379 1588 non
392 1550 576 1589 miratur:
607 1551 792 1590 Pollicem
810 1558 1029 1603 exspectat.)

254 1658 340 1696 Nec
358 1670 457 1709 saepe
474 1665 543 1706 est,
573 1658 635 1696 cui
663 1658 789 1697 literas
812 1659 974 1705 demus;
1008 1672 1077 1698 nec
1094 1673 1175 1698 rem
1193 1660 1311 1700 habe-

198 1723 287 1749 mus
305 1710 440 1772 ullam,
471 1724 588 1763 quam
608 1711 767 1750 scribere
785 1713 957 1751 velimus.
989 1712 1055 1751 Ex
1072 1713 1149 1751 tuis
1177 1713 1309 1763 literis,

199 1778 295 1816 quas
311 1765 486 1826 proxime
503 1765 642 1816 accepi,
663 1766 835 1816 cognovi,
862 1766 1050 1817 praedium
1074 1767 1228 1806 nullum
1246 1781 1311 1807 ve-

198 1818 280 1855 nire
297 1818 473 1869 potuisse.
503 1818 634 1866 Quare
653 1819 824 1866 videatis,
840 1820 968 1867 velim,
993 1820 1184 1871 quomodo
1203 1821 1311 1860 satis-

197 1871 265 1909 fiat
283 1872 330 1919 ei,
352 1872 413 1909 cui
432 1871 531 1910 scitis
548 1885 611 1910 me
629 1872 799 1910 satisfieri
816 1873 926 1911 velle.
956 1873 1074 1921 Quod
1095 1880 1222 1912 nostra
1240 1875 1312 1913 tibi

198 1924 338 1974 gratias
355 1925 459 1976 agit·
447 1953 459 1971 ,
489 1925 530 1962 id
547 1939 616 1976 ego
633 1938 711 1964 non
730 1925 861 1973 miror,
881 1933 919 1964 te
942 1927 1092 1974 mereri,
1113 1934 1158 1965 ut
1176 1940 1220 1965 w.
1238 1928 1310 1966 tibi

196 1977 333 2016 merito
352 1985 418 2016 tuo
442 1979 581 2029 gratias
608 1993 719 2030 agere
747 1980 875 2030 possit.
905 1979 1104 2027 Pollicem,
1125 1980 1156 2018 si
1183 1981 1310 2020 adhuc

198 2042 275 2069 non
296 2037 351 2070 est
367 2032 570 2082 profectus,
591 2046 709 2084 quam
726 2033 897 2084 primum
910 2033 970 2073 fac
989 2033 1178 2073 extrudas.
1203 2033 1308 2074 Cura

194 2090 240 2122 ut
258 2084 392 2124 valeas.
423 2085 558 2124 Idibus
577 2086 741 2135 Quintil.
