1513 2382
315 98 398 137 AD
426 98 725 139 DIVERSOS.
755 100 856 138 Lm.
877 99 997 139 XVI.
1027 101 1092 138 23.
1202 98 1280 136 133

213 208 332 260 Spero
350 220 399 246 ex
417 207 493 246 tuis
504 207 636 254 literis,
657 207 728 246 tibi
746 208 885 246 melius
904 221 982 247 esse
999 222 1009 246 :
1040 207 1153 259 cupio
1172 214 1283 245 certe.

157 260 233 300 Cui
262 261 419 314 quidem
448 262 502 300 rei
531 261 638 300 omni
667 262 814 300 ratione
839 275 931 300 cura
949 270 993 300 ut
1011 261 1215 300 inservias:
1248 269 1285 298 et

157 328 248 354 cave
267 316 480 367 suspiceris,
511 324 642 354 contra
670 329 799 354 meam
832 317 1070 355 voluntatem
1089 324 1127 354 te
1145 316 1282 360 facere,

157 370 262 420 quod
276 381 354 408 non
369 370 418 408 sis
436 383 605 408 mecum.
635 370 798 408 Mecum
813 384 865 419 es,
883 370 914 409 si
926 378 963 408 te
980 383 1103 408 curas.
1133 369 1280 416 Quare,

155 424 260 462 malo
282 431 320 462 te
337 424 552 462 valetudini
579 432 656 462 tuae
679 425 832 472 servire,
852 438 971 476 quam
990 424 1087 462 meis
1106 423 1226 462 oculis
1246 429 1285 460 et

156 478 326 516 auribus.
355 478 443 516 Etsi
466 478 570 516 enim
596 486 632 517 et
652 479 766 516 audio
786 486 822 517 te
841 487 879 517 et
898 478 1007 516 video
1032 478 1208 523 libenter,
1224 484 1284 514 ta-

153 543 246 570 men
270 532 344 570 hoc
364 533 491 571 multo
509 532 594 579 erit,
615 532 646 570 si
665 533 823 580 valebis,
850 532 1072 582 jucundius.
1110 532 1198 582 Ego
1216 530 1282 568 hic

155 598 274 632 cesso,
295 586 387 637 quia
398 585 480 638 ipse
499 586 597 624 nihil
609 587 751 625 scribo:
773 587 860 637 lego
875 594 1007 624 autem
1018 585 1281 624 libentissime.

155 640 223 678 Tu
242 639 339 688 istic,
361 640 393 678 si
411 640 506 692 quid
530 640 677 678 librarii
695 641 782 679 mea
800 653 920 679 manu
947 653 1024 679 non
1051 640 1282 690 intelligent,

154 694 398 732 monstrabis.
429 695 521 732 Una
552 694 712 733 omnino
743 695 981 746 interpositio
1004 694 1193 733 difficilior
1212 700 1284 738 est,

153 760 273 799 quam
292 760 341 786 ne
359 748 440 799 ipse
460 748 618 800 quidem
641 748 752 787 facile
769 749 894 799 legere
913 750 1029 797 soleo,
1055 749 1102 787 de
1127 747 1284 800 quadri-

157 814 224 840 mo
245 802 403 840 Catone.

209 856 272 894 De
290 856 453 894 triclinio
472 869 576 903 cura,
593 863 637 894 ut
657 856 761 895 facis.
791 856 926 895 Tertia
944 856 1079 902 aderit,
1099 856 1215 895 modo
1234 867 1283 893 ne

156 909 322 948 Publius
349 918 504 961 rogatus
524 911 583 948 sit.
626 910 849 949 Demetrius
878 912 949 949 iste
974 923 1177 962 nunquam
1202 923 1287 948 om-

155 964 248 1002 nino
283 964 491 1002 Phalereus
521 964 623 1002 fuit:
655 964 721 1003 sed
749 977 852 1003 nunc
877 965 992 1016 plane
1011 965 1188 1003 Bilienus
1217 971 1285 1002 est.

155 1019 296 1069 Itaque
321 1025 358 1056 te
384 1017 433 1056 do
452 1018 661 1056 vicarium:
694 1026 737 1055 tu
757 1031 847 1056 eum
867 1019 1094 1057 observabis.
1124 1019 1283 1057 Etsi....

153 1079 419 1110 verumtamen
445 1071 492 1109 de
521 1071 641 1111 illis..
649 1072 778 1111 ‚misti
803 1080 948 1111 caetera.
978 1073 1054 1111 Sed
1085 1081 1228 1120 tamen,
1254 1072 1286 1110 si

155 1139 273 1177 quem
287 1138 377 1164 cum
397 1138 441 1163 eo
460 1138 674 1164 sermonem
692 1125 887 1173 habueris,
909 1127 1047 1165 scribes
1067 1127 1116 1164 ad.
1141 1140 1218 1174 me,
1239 1133 1283 1164 ut

155 1179 254 1217 mihi
271 1186 449 1218 nascatur
467 1179 635 1231 epistolae
653 1187 941 1231 argumentum,
959 1189 995 1218 et
1007 1188 1050 1218 ut
1065 1188 1151 1219 tuas
1166 1193 1286 1232 quam

156 1231 397 1284 longissimas
422 1233 551 1272 literas
568 1234 709 1285 legam.
741 1233 859 1281 Cura,
879 1235 937 1272 mi
955 1235 1065 1283 Tiro,
1085 1243 1131 1274 ut
1148 1235 1288 1274 valeas.

158 1287 247 1327 Hoc
264 1287 364 1326 mihi
380 1287 526 1340 gratius
544 1287 667 1327 facere
680 1288 778 1326 nihil
792 1294 912 1341 potes.
943 1289 1056 1328 Vale.

227 1454 343 1507 (23.)
372 1453 624 1494 TULLIUS
654 1453 870 1494 TIRONI
902 1453 1012 1494 SUO
1042 1456 1082 1495 S.
1100 1455 1147 1493 P.
1158 1454 1213 1494 D.

215 1562 543 1613 (Argumentum.
556 1584 611 1593 —
625 1563 829 1613 Hortatur,
849 1571 895 1602 ut
908 1563 1181 1615 professionem
1199 1574 1288 1602 con-

163 1617 290 1679 ficiat:
321 1618 527 1670 scribitque
547 1617 619 1657 sibi
635 1618 677 1656 in
692 1618 822 1657 animo
837 1631 916 1657 esse
934 1617 1142 1656 amicitiam
1162 1617 1289 1655 Anto-

156 1683 213 1709 nu
230 1679 480 1721 conservare)

212 1778 279 1817 Tu
298 1792 388 1818 vero
413 1780 555 1820 confice
579 1781 870 1832 professionem,
892 1781 924 1819 si
949 1788 1085 1833 potes.
1117 1779 1187 1819 etsi
1204 1779 1287 1818 haec

158 1833 321 1885 pecunia
339 1847 388 1872 ex
407 1848 451 1873 eo
479 1847 616 1886 genere
634 1843 704 1885 est,
724 1844 769 1874 ut
795 1835 1027 1887 professione
1054 1847 1133 1872 non
1164 1843 1284 1885 egeat.

159 1888 440 1927 Verumtamen
460 1890 610 1928 Balbus
640 1890 690 1928 ad
718 1903 782 1928 me
812 1889 974 1941 scripsit,
995 1888 1103 1927 tanta
1137 1902 1176 1927 se
1206 1887 1287 1939 epi-

158 1941 282 1993 phora
300 1955 540 1994 oppressum,
570 1951 614 1982 ut
637 1943 746 1995 loqui
764 1956 842 1982 non
861 1942 992 1995 possit,
1014 1942 1214 1980 Antonius
1240 1941 1288 1980 de

158 1996 244 2047 lege
262 1996 356 2048 quid
375 1997 505 2048 egerit.
534 1997 668 2036 Liceat
686 1997 802 2036 modo
820 1997 1006 2036 rusticari.
1046 1997 1116 2034 Ad
1144 1996 1286 2047 Bithy-

159 2049 291 2088 nicum
304 2050 447 2103 scripsi.
475 2051 540 2091 De
559 2051 718 2091 Servilio
737 2059 781 2090 tu
793 2051 946 2100 videris,
967 2050 1036 2104 qui
1055 2057 1288 2090 senectutem

159 2115 238 2141 non
257 2105 483 2144 contemnis.
526 2106 613 2145 Etsi
632 2106 785 2145 Atticus
814 2114 953 2153 noster,
978 2105 1071 2157 quia
1089 2104 1288 2156 quondam

161 2169 225 2196 me
244 2159 476 2198 commoveri
495 2176 656 2205 πανικοις
676 2160 881 2211 intellexit,
909 2160 1014 2199 idem
1043 2171 1192 2212 semper
1216 2171 1291 2210 pu-

217 2213 387 2264 (Epist.)
408 2225 517 2254 von.
538 2225 590 2255 11.
982 2225 1015 2252 N
