1513 2382
356 74 438 113 AD
466 75 754 115 ATTICUM.
785 75 880 114 Lm.
916 75 973 114 11.
1007 75 1040 112 l.
1124 128 1127 130 Ι
1181 74 1255 118 179

142 181 295 221 modius
312 194 422 234 posse
439 182 658 221 describere.
688 182 819 220 Nimis
837 184 928 220 abes
947 182 1028 229 diu,
1048 179 1258 233 praesertim

144 249 233 275 cum
252 236 301 274 sis
319 237 358 274 in
378 236 602 288 propinquis
627 235 743 275 locis:
773 248 898 288 neque
916 248 984 274 nos
1002 243 1040 273 te
1064 234 1255 281 fruimu13

145 297 183 328 et
202 297 244 327 tu
264 290 371 329 nobis
390 303 505 329 cares.

200 344 262 382 Ac
292 356 396 382 nunc
425 343 578 395 quidem
607 344 729 382 otium
759 351 842 382 est:
873 343 951 390 sed,
975 343 1007 382 si
1031 343 1146 394 paulo
1171 343 1259 393 plus

144 396 251 435 furor
283 397 473 436 Pulchelli
500 398 674 448 progredi
698 405 837 448 posset,
863 398 972 435 valde
1002 409 1070 448 ego
1096 404 1132 434 te
1150 396 1261 434 istinc

147 451 362 489 excitarem.
392 452 541 490 Verum
559 452 738 502 praeclare
752 451 936 490 Metellus
949 450 1123 502 impedit,
1140 456 1177 488 et
1188 450 1262 487 im-

146 504 285 556 pediet.
315 505 424 553 Quid
456 505 625 555 quaeris?
656 513 711 543 est
729 506 862 543 consul
886 511 1121 554 φιλοπατρις,
1142 511 1179 541 et
1199 505 1262 552 (ut

147 570 296 610 semper
321 559 507 608 judicavi)
538 559 676 596 natura
705 560 840 597 bonus.
871 558 945 596 Ille
967 564 1097 596 autem
1115 569 1193 595 non
1212 557 1263 595 si-

146 613 285 660 mulat,
305 612 372 651 sed
389 613 503 663 plane
521 612 698 651 tribunus
718 613 840 664 plebis
859 612 939 651 fieri
958 611 1075 664 cupit.
1104 611 1197 659 Qua
1215 611 1264 649 de

145 678 187 705 re
205 678 294 704 cum
312 666 353 704 in
372 674 506 704 senatu
519 674 706 717 ageretur,
719 666 815 717 fregi
825 666 1046 712 hominem3
1079 672 1115 703 et
1131 665 1264 703 incon-

147 720 328 758 stantiam
361 721 442 769 ejus
474 720 710 771 reprehendi,
745 721 813 771 qui
850 721 988 758 Romae
1020 718 1261 757 tribunatum

145 773 268 824 plebis
281 781 436 825 peteret,
450 787 538 812 cum
550 774 590 811 in
602 773 731 813 Sicilia
743 773 962 811 aedilitatem
974 786 1012 812 se
1022 780 1150 825 petere
1163 785 1262 824 saepe

145 827 363 866 dictitasset.
385 827 459 866 Sed
470 839 593 878 neque
605 839 834 878 magnopere
849 827 929 864 dixi
941 840 1020 866 0550
1034 827 1143 865 nobis
1154 827 1261 864 labo-

147 880 338 927 randum3
369 881 472 932 quod
490 881 610 918 nihilo
635 881 758 932 magis
784 881 818 919 ei
841 881 1038 919 liciturum
1067 890 1163 919 esset
1182 881 1262 931 ple-

148 935 233 973 beio
251 935 527 996 rempublicam
551 934 719 986 perdere,
741 947 858 986 quam
877 934 1064 974 similibus
1083 936 1179 985 ejus,
1198 946 1262 973 me

151 989 319 1039 consule,
339 988 504 1040 patriciis
523 995 619 1026 esset
635 988 797 1026 licitum.

203 1043 312 1089 Jam,
333 1055 422 1081 cum
440 1055 479 1080 se
502 1042 567 1080 1110
591 1042 752 1093 septimo
777 1042 838 1080 die
860 1042 1004 1081 venisse
1022 1055 1045 1080 a
1066 1042 1176 1090 freto,
1196 1054 1264 1080 ne-

149 1109 225 1157 que
238 1096 310 1134 sibi
325 1096 476 1134 obviam
489 1108 724 1156 quemquam
735 1096 886 1157 prodire
902 1096 1082 1147 potuisse,
1099 1103 1136 1134 et
1149 1103 1264 1134 noctu

149 1162 190 1188 se
208 1150 396 1198 introisse,
423 1149 621 1197 dixissen·
611 1162 652 1186 111
671 1163 790 1201 eoque
810 1163 847 1188 50
865 1150 905 1187 111
925 1149 1101 1188 concione
1125 1149 1264 1210 jactas-

149 1210 230 1249 set;
260 1203 358 1241 nihil
377 1203 411 1241 ei
429 1203 518 1242 novi
547 1203 628 1241 dixi
646 1204 845 1242 accidisse.
877 1217 925 1242 ex
955 1203 1085 1242 Sicilia
1103 1203 1264 1254 septimo

148 1257 211 1296 die
230 1258 424 1303 Romam;
454 1257 575 1296 tribus
593 1257 696 1296 horis
712 1256 839 1296 Roma
853 1258 1117 1296 Interamnam
1134 1273 1144 1296 ε
1174 1270 1265 1295 1100-

150 1318 194 1350 tu
219 1312 393 1350 introisse
425 1312 517 1350 item
540 1319 651 1350 ante:
682 1324 759 1349 non
788 1324 867 1350 esse
891 1312 991 1350 itum
1020 1311 1187 1361 obviam,
1216 1324 1265 1350 ne

150 1373 235 1404 tum
254 1365 425 1417 quidem,
446 1378 534 1403 cum
552 1365 600 1403 iri
613 1365 781 1404 maxime
799 1365 943 1404 debuit.

205 1419 314 1467 Quid
349 1419 510 1471 quaeris.
500 1421 517 1447 ⁹
546 1419 741 1457 hominem
774 1420 1011 1471 petulantem
1047 1419 1265 1458 modestum

151 1473 282 1523 reddo,
302 1486 379 1512 non
398 1473 525 1512 solum
555 1474 740 1525 perpetua
767 1474 952 1524 gravitate
976 1473 1169 1521 orationis,
1201 1473 1267 1512 sed

152 1527 268 1566 etiam
285 1528 358 1566 hoc
375 1540 510 1588 genere
535 1527 735 1566 dictorum.
765 1528 904 1579 Itaque
929 1528 1011 1576 jam
1029 1526 1267 1565 familiariter

152 1594 242 1620 011111
261 1581 343 1632 ipso
363 1581 478 1620 etiam
510 1580 663 1619 cavillor
681 1594 725 1620 ac
747 1583 864 1632 jocor.
893 1580 1003 1628 Quin
1031 1580 1147 1618 etiam
1176 1594 1266 1619 cum

153 1635 400 1674 candidatum
430 1634 714 1682 deduceremus,
735 1635 871 1686 quaerit
900 1647 948 1673 ex
966 1647 1042 1681 me,
1061 1646 1158 1672 num
1178 1647 1267 1673 con-

154 1691 323 1727 suessem
351 1689 488 1728 Siculis
511 1689 640 1727 locum
664 1688 936 1740 gladiatoribus
965 1688 1084 1727 dare?
1113 1689 1264 1740 negavi.

153 1743 212 1781 At
230 1756 312 1794 ego,
333 1742 472 1794 inquit,
485 1755 606 1782 novus
618 1751 800 1794 patronus
813 1742 1010 1780 instituam
1025 1756 1035 1779 ε
1067 1741 1131 1780 sed
1150 1755 1266 1791 soror,

154 1810 242 1848 quae
260 1804 412 1835 tantum
439 1797 579 1835 habeat
599 1797 805 1835 consularis
830 1797 916 1842 loci,
943 1808 1068 1833 unum
1085 1796 1183 1834 mihi
1209 1809 1269 1835 so-

155 1851 240 1889 lum
259 1851 396 1903 pedem
415 1850 491 1888 dat.
524 1851 632 1898 Noli,
653 1850 827 1902 inquam,
848 1850 894 1888 de
923 1861 1001 1887 uno
1019 1849 1115 1900 pede
1133 1851 1270 1889 sororis

156 1906 290 1956 queri:
326 1905 413 1944 licet
446 1905 560 1943 etiam
591 1905 754 1942 alterum
783 1904 904 1942 tollas.
935 1903 1028 1941 Non
1057 1905 1267 1952 consulare,

154 1958 318 2010 inquies,
350 1959 510 1997 dictum.
539 1959 677 1996 Fateor
694 1972 703 1995 :
735 1958 799 1996 sed
832 1971 901 2008 ego
929 1957 1038 1995 illam
1069 1957 1133 1995 odi
1169 1959 1272 1997 male

155 2013 393 2051 consularem
409 2027 420 2050 ι
451 2026 495 2051 ea
524 2020 579 2051 est
609 2012 712 2050 enim
744 2011 919 2050 seditiosa
935 2026 945 2048 :
990 2024 1034 2049 ea
1067 2024 1157 2050 curn
1189 2013 1269 2051 viro

155 2067 303 2104 bellum
327 2067 438 2118 gerit,
469 2079 593 2118 neque
619 2066 744 2104 solum
767 2078 855 2104 cum
875 2065 1051 2114 Metello,
1072 2065 1137 2104 sed
1156 2065 1271 2105 etiam

157 2132 246 2158 cum
264 2120 401 2168 Fabio,
421 2120 525 2172 quod
544 2133 606 2158 eos
624 2119 664 2156 in
682 2120 754 2158 1100
772 2132 852 2158 0550
870 2120 1029 2158 moleste
1047 2119 1132 2157 fert.

210 2174 327 2223 Quod
351 2174 399 2213 de
428 2173 575 2225 agraria
603 2174 688 2224 lege
715 2173 868 2225 quaeris,
900 2186 990 2212 sane
1016 2174 1098 2223 jam
1121 2173 1271 2212 videtur
