1513 2382
265 119 318 156 26
426 118 509 158 AD
538 118 834 161 DIVERSOS.
864 119 964 158 Lm.
997 118 1121 159 XIII.
1151 119 1216 156 26.

266 225 390 277 qualis
407 227 466 266 vir
483 235 590 272 esset,
617 236 662 267 ut
681 229 936 281 superioribus
959 227 1077 266 literis
1101 226 1278 273 feceram,
1307 224 1380 263 nisi

266 292 355 372 3151
367 281 539 373 {azieper
553 295 592 321 se
613 282 742 334 ipsum
760 282 830 322 tibi
855 282 945 321 satis
969 294 1047 320 esse
1071 287 1208 320 notum
1222 278 1380 319 arbitra-

494 493 610 545 (25.)
643 493 854 534 CICERO
884 492 1096 533 SERVIO
1125 493 1165 532 s,

318 602 638 653 (Argumentum.
658 623 711 633 —
731 602 1012 653 Hegesaretum
1032 601 1217 654 breviter2
1236 599 1301 639 sed
1320 613 1381 639 ac-

262 665 404 704 curate,
420 655 693 705 commendat.)

320 763 590 815 Hegesaretus‚
623 764 844 811 Larissaeus,
876 765 1027 816 magnis
1064 763 1159 802 meis
1189 762 1380 802 beneficiis

265 825 419 855 ornatus
436 817 477 855 in
496 817 693 856 consulatu
708 830 808 866 meo,
828 830 976 856 memor
995 825 1032 856 et
1050 825 1180 868 gratus
1197 816 1285 863 fuit,
1300 829 1383 855 me-

265 884 340 921 que
353 878 484 922 postea
495 871 782 922 diligentissime
796 872 922 909 coluit.
953 871 1059 909 Eum
1072 871 1142 909 tibi
1153 882 1384 922 magnopere

210 939 222 947 *
263 925 501 973 commendo,
523 936 567 962 ut
587 932 623 963 et
645 925 835 976 hospitem
867 938 1000 963 meum
1025 931 1061 963 et
1079 924 1323 972 familiarem,
1345 930 1383 962 et

264 986 418 1028 gratum
447 979 657 1022 hominem,
690 986 727 1017 et
760 979 886 1017 vimm
918 981 1080 1025 bonum,
1105 985 1142 1016 et
1170 978 1383 1030 principem

264 1032 424 1070 civitatis
443 1046 534 1080 suae,
556 1041 593 1071 et
606 1032 675 1070 tua
686 1032 963 1071 necessitudine
977 1032 1260 1083 dignissimum.
1290 1032 1384 1069 Per-

263 1093 417 1136 gratum
435 1085 533 1123 mihi
551 1086 697 1133 feceris,
718 1086 749 1124 si
775 1086 921 1124 dederis
940 1099 1110 1137 operam,
1129 1093 1174 1124 ut
1191 1085 1224 1124 is
1241 1085 1383 1123 intelli-

263 1148 343 1190 gat,
362 1139 462 1177 hanc
479 1152 608 1178 meam
627 1139 997 1179 commendationem
1015 1152 1203 1191 magnum
1222 1139 1326 1191 apud
1344 1145 1383 1177 te

264 1192 414 1244 pondus
432 1193 621 1232 habuisse.
651 1193 762 1232 Vale.

482 1354 599 1406 (26.)
630 1353 843 1394 CICERO
873 1354 1085 1394 SERVIO
1114 1354 1154 1392 S.

321 1463 645 1516 (Argumentum.
659 1487 713 1493 —
732 1464 910 1503 Mescinii
929 1463 1024 1503 Rufi
1044 1463 1213 1502 Achaica
1230 1461 1382 1513 negotia

265 1518 541 1567 commendat.)

316 1626 461 1665 Lucius
469 1626 678 1666 Mescinius
694 1626 738 1665 ea
749 1639 901 1665 mecum
915 1625 1190 1665 necessitudine
1202 1625 1285 1674 conj
1291 1637 1383 1663 unc-

265 1687 329 1719 tus
348 1688 416 1729 est,
443 1680 547 1732 quod
565 1680 663 1719 mihi
691 1689 855 1732 quaestor
886 1681 971 1719 fuit.
1002 1680 1078 1719 Sed
1094 1680 1194 1718 hanc
1213 1691 1381 1727 causam,

264 1747 383 1785 quam
413 1747 482 1785 ego
512 1736 574 1787 (ut
593 1748 616 1772 a
633 1735 844 1784 majoribus
872 1734 1016 1787 accepi)
1047 1747 1196 1784 semper
1223 1745 1380 1784 gravem

263 1788 372 1836 duxi,
392 1788 480 1826 fecit
497 1789 636 1827 virtute
655 1798 692 1827 et
710 1788 950 1827 humanitate
968 1789 1038 1827 sua
1057 1788 1269 1838 justiorem.
1299 1786 1381 1824 Ita-

264 1854 340 1892 que
359 1854 402 1879 eo
420 1842 472 1880 sic
483 1849 583 1890 utor,
596 1850 641 1880 ut
659 1855 728 1881 nec
739 1842 966 1880 familiarius
978 1843 1073 1889 ullo,
1094 1854 1164 1879 nec
1186 1840 1380 1878 libentius.

264 1895 307 1933 Is
336 1908 574 1947 quamquam
611 1896 797 1935 confidere
833 1896 1047 1943 videbatur,
1078 1902 1116 1933 te
1149 1894 1219 1932 sua
1249 1894 1378 1942 causa,

264 1962 352 2000 quae
380 1949 537 1987 honeste
564 1962 705 2001 posses,
737 1950 899 1988 libenter
924 1963 1002 1988 esse
1034 1949 1241 1995 facturum,
1271 1959 1382 1998 mag-

264 2014 362 2040 num
387 2015 468 2041 esse
485 2010 615 2041 tamen
635 2004 798 2054 speravit
821 2003 925 2056 apud
944 2011 982 2041 te
999 2014 1103 2041 meas
1126 2013 1279 2053 quoque
1296 2000 1382 2038 lite-

266 2069 328 2094 ras
358 2056 508 2108 pondus
539 2057 746 2095 habituras.
778 2057 828 2096 Id
859 2070 948 2096 cum
979 2057 1060 2109 ipse
1091 2056 1145 2094 ita
1170 2054 1380 2105 judicabat,

267 2116 354 2147 tum
378 2113 465 2162 (pro
483 2110 664 2149 familiari
682 2111 968 2158 consuetudine)
988 2123 1087 2162 saepe
1106 2123 1153 2148 ex
1171 2116 1234 2146 me
1253 2107 1383 2147 audie-

266 2170 340 2210 rat,
372 2177 489 2215 quam
521 2165 646 2204 suavis
676 2173 771 2204 esset
801 2165 899 2204 inter
931 2177 1013 2213 nos,
1045 2171 1081 2203 et
1109 2169 1265 2215 quanta,
1295 2173 1384 2200 con·
1430 2187 1437 2192 -

265 2218 425 2265 junctio.
