1513 2382
329 93 412 133 AD
439 92 726 133 ATTICUM.
757 93 856 131 Lm.
879 94 952 132 IV.
987 95 1047 138 17.
1162 95 1241 133 265

123 204 227 242 nas?
255 213 331 241 non
350 202 454 241 enim
473 210 510 240 te
529 208 622 254 puto
647 201 695 240 de
712 200 847 248 lustro,
877 201 980 252 quod
999 202 1082 251 jam
1107 201 1241 254 despe-

123 264 250 295 ratum
278 263 349 303 est,
380 263 447 294 aut
470 255 518 294 de
542 255 710 306 judiciis,
737 268 824 306 quae
852 254 936 306 lege
968 256 1104 294 Coctia
1130 256 1238 305 fiant,

123 323 301 362 quaerere.

179 364 296 402 Nunc
325 371 362 402 te
379 362 574 414 objurgari
599 370 740 414 patere,
765 362 797 400 si
822 363 923 412 jure.
967 362 1109 402 Scribis
1137 364 1242 402 enim

71 422 77 429 “
123 417 165 455 in
193 417 353 468 epistola
382 430 500 469 quam
524 417 568 455 C.
601 416 800 455 Decimius
823 417 920 454 mihi
947 417 1124 465 reddidit,
1156 418 1242 456 Bu-

123 471 249 509 throto
267 471 412 518 datam,
431 472 473 508 in
497 471 638 509 Asiam
662 471 733 508 tibi
758 471 930 508 eundum
957 484 1051 519 esse,
1072 478 1109 509 te
1139 472 1240 510 arbi-

121 524 226 563 trari.
256 525 362 563 Mihi
381 523 632 574 (mehercule)
654 525 752 562 nihil
770 524 970 562 videbatur
989 538 1081 571 esse,
1101 526 1142 563 in
1164 539 1241 577 quo

121 579 316 617 tantulum
344 579 553 626 interesset,
573 586 705 616 utrum
730 591 798 629 per
815 586 1076 629 procuratores
1096 592 1239 630 ageres,

121 645 171 670 an
188 645 256 684 per
275 641 311 670 te
329 633 483 684 ipsum;
512 639 558 670 ut
575 632 696 670 abires
715 632 825 670 toties
845 640 882 670 et
900 640 981 670 tam
999 633 1113 684 longe
1132 635 1241 671 abes-

120 698 191 724 ses.
221 686 296 725 Sed
310 687 390 725 haec
408 686 580 733 mallem,
600 686 748 737 integra
765 699 819 734 re,
841 692 968 724 tecum
988 686 1130 737 egisse:
1151 700 1242 738 pro-

119 739 218 778 fecto
237 740 340 778 enim
358 740 504 791 aliquid
523 739 694 791 egissem.
725 740 766 778 N
768 752 844 777 unc
858 740 1065 791 reprimam
1086 754 1239 793 suscep-

121 800 200 832 tam
231 795 534 844 objurgationem
552 808 561 831 :
592 794 742 831 utinam
772 794 895 831 valeat
927 794 977 831 ad
1006 794 1237 833 celeritatem

119 847 262 886 reditus
279 848 362 886 tui!
392 848 479 898 Ego
497 847 546 885 ad
563 859 600 885 te
618 855 816 898 propterea
833 847 962 885 minus
984 860 1082 899 saepe
1101 848 1237 896 scribo,

120 901 225 953 quod
243 908 389 939 certum
407 913 485 939 non
503 901 638 948 haben,
659 902 727 939 ubi
745 901 809 947 sis,
830 909 897 938 aut
915 901 983 939 ubi
1002 901 1156 940 futurus
1174 902 1237 940 sis.

121 955 229 994 Huic
247 962 376 994 tamen
395 955 521 994 nescio
546 955 621 1002 cui,
642 955 747 1006 quod
764 955 964 993 videbatur
981 954 1013 993 is
1032 963 1069 993 te
1088 956 1238 994 visurus

121 1022 215 1057 esse,
240 1009 374 1060 putavi
401 1008 545 1047 dandas
575 1022 653 1047 esse
678 1009 817 1047 literas.
847 1008 927 1057 Tu,
954 1009 1138 1060 quoniam
1161 1010 1238 1047 itu-

119 1075 208 1102 rum
226 1070 264 1102 te
280 1063 322 1101 in
339 1062 476 1101 Asiam
494 1076 572 1102 esse
590 1070 716 1114 putas,
746 1062 795 1101 ad
819 1076 906 1114 quae
925 1069 1097 1114 tempora
1115 1071 1152 1101 te
1171 1076 1238 1101 ex-

117 1124 346 1168 spectemus,
365 1116 480 1155 facias
503 1129 566 1154 me
580 1116 794 1166 certiorem,
814 1116 956 1163 velim3
987 1124 1025 1156 et
1043 1117 1090 1156 de
1109 1117 1237 1169 Euty-

116 1170 227 1211 chide
244 1170 337 1222 quid
356 1171 487 1222 egeris.

332 1334 444 1381 (17.)
473 1331 687 1374 CICERO
713 1332 936 1374 ATTICO
964 1333 1005 1373 S.

172 1441 212 1482 O
232 1449 464 1495 exspectatas
480 1441 578 1479 mihi
597 1448 681 1480 tuas
699 1441 851 1480 literas!
882 1454 906 1480 ο
923 1447 1077 1503 gratum
1096 1440 1238 1480 adven-

119 1496 230 1536 tum!
262 1509 285 1535 o
304 1496 554 1535 constantiam
583 1495 773 1547 promissi,
805 1503 842 1534 et
873 1495 989 1534 fidem
1017 1495 1184 1533 miram!
1214 1509 1238 1533 ο

121 1549 403 1602 navigationem
416 1549 650 1587 amandam!
673 1562 790 1600 quam
809 1548 1060 1601 (mehercule)
1075 1562 1151 1609 ego·
1156 1550 1237 1587 val-

118 1605 169 1644 de
183 1604 378 1652 timebam,
397 1603 595 1642 recordans
616 1602 819 1654 superioris
841 1610 919 1641 tuae
945 1602 1238 1641 transmissionis

120 1657 263 1709 δεῤῥεις.
291 1657 381 1705 Sed,
401 1656 475 1695 nisi
487 1656 612 1705 fallor,
632 1657 742 1695 citius
760 1663 811 1705 te,
832 1669 951 1707 quam
970 1656 1113 1704 scribis,
1135 1656 1238 1695 vide-

121 1714 183 1752 bo.
213 1711 339 1751 Credo
357 1711 460 1750 enim
482 1717 519 1749 te
543 1710 699 1762 putasse
723 1717 809 1748 tuas
830 1710 1039 1748 mulieres
1028 1723 1069 1747 ιιι
1087 1710 1238 1761 Apulia

121 1779 223 1806 esse:
254 1765 358 1817 quod
376 1777 466 1804 cum
484 1777 591 1803 secus
609 1764 695 1813 erit,
715 1763 810 1816 quid
829 1763 1026 1815 teApulia
1040 1766 1237 1803 moretur?

120 1833 212 1859 nam
219 1819 397 1858 Vestorio
414 1818 532 1857 dandi
544 1825 633 1857 sunt
648 1818 742 1865 dies,
759 1825 796 1856 et
810 1817 876 1855 ille
883 1817 1048 1856 Latinus
1059 1827 1239 1855 Αττιιιισ-

119 1889 188 1924 μσς
205 1886 254 1912 ex
270 1873 470 1912 intervallo
487 1872 751 1923 regustandus.
781 1871 891 1919 Quin
909 1878 952 1909 tu
971 1871 1048 1909 huc
1067 1870 1236 1918 advolas,

119 1934 158 1967 et
184 1927 317 1966 invisis
343 1926 448 1965 illius
476 1934 614 1964 nostrae
643 1925 883 1976 Reipublicae
919 1924 1122 1976 germina?
1153 1923 1239 1974 [Ne

120 1989 239 2033 puta·
268 1981 368 2029 vide,
396 1980 568 2018 nummis
587 1987 674 2017 ante
692 1978 846 2018 comitia
863 1977 1041 2017 tributim
1058 1991 1138 2017 uno
1156 1979 1239 2016 loco

120 2035 263 2083 divisis,
283 2035 411 2086 palam
427 2034 516 2072 inde
534 2033 752 2072 absolutum
773 2032 1014 2071 Gabinium.
1036 2032 1146 2071 detur
1160 2044 1239 2070 asse

119 2089 339 2128 valiturum.
346 2090 362 2141 ]

173 2143 236 2181 De
254 2142 425 2181 Messala
443 2141 546 2193 quod
564 2141 731 2194 quaeris;
761 2141 856 2194 quid
874 2115 1053 2188 scribam,
1081 2139 1230 2179 nescio:

121 2208 320 2247 nunquam
351 2209 420 2247 ego
439 2196 517 2234 vidi
545 2205 625 2234 tam
655 2209 763 2247 pares
784 2195 1021 2234 candidatos.
1056 2193 1237 2233 Messalae

178 2251 343 2300 (Epist.)
374 2261 477 2288 vot.
503 2261 554 2287 11.
898 2251 923 2286 ‘2
940 2262 968 2287 A
