<?xml version="1.0" encoding="UTF-8"?>
<!DOCTYPE html PUBLIC "-//W3C//DTD XHTML 1.0 Transitional//EN"
    "http://www.w3.org/TR/xhtml1/DTD/xhtml1-transitional.dtd">
<html xmlns="http://www.w3.org/1999/xhtml" xml:lang="en" lang="en">
 <head>
  <title>
</title>
<meta http-equiv="Content-Type" content="text/html;charset=utf-8" />
  <meta name='ocr-system' content='tesseract 3.04.00' />
  <meta name='ocr-capabilities' content='ocr_page ocr_carea ocr_par ocr_line ocrx_word'/>
</head>
<body>
  <div class='ocr_page' id='page_1' title='image "./operaern10ciceuoft_0081.png"; bbox 0 0 1513 2382; ppageno 0'>
   <div class='ocr_carea' id='block_1_1' title="bbox 343 75 1285 123">
    <p class='ocr_par' dir='ltr' id='par_1_1' title="bbox 343 75 1285 123">
     <span class='ocr_line' id='line_1_1' title="bbox 343 75 1285 123; baseline 0 -6"><span class='ocrx_word' id='word_1_1' title='bbox 343 78 426 117; x_wconf 93' lang='lat' dir='ltr'><strong>AD</strong></span> <span class='ocrx_word' id='word_1_2' title='bbox 454 75 750 118; x_wconf 85' lang='lat' dir='ltr'><strong>DIVERSOS.</strong></span> <span class='ocrx_word' id='word_1_3' title='bbox 782 76 882 116; x_wconf 82' lang='lat' dir='ltr'><strong>LIB·</strong></span> <span class='ocrx_word' id='word_1_4' title='bbox 918 76 1038 118; x_wconf 85' lang='lat' dir='ltr'>XIV.</span> <span class='ocrx_word' id='word_1_5' title='bbox 1065 78 1103 117; x_wconf 83' lang='lat'><strong>3.</strong></span> <span class='ocrx_word' id='word_1_6' title='bbox 1233 79 1285 123; x_wconf 85' lang='lat'><strong>67</strong></span> 
     </span>
    </p>
   </div>
   <div class='ocr_carea' id='block_1_2' title="bbox 158 185 1280 1732">
    <p class='ocr_par' dir='ltr' id='par_1_2' title="bbox 159 185 1279 387">
     <span class='ocr_line' id='line_1_2' title="bbox 161 185 1276 234; baseline -0.001 -8"><span class='ocrx_word' id='word_1_7' title='bbox 161 199 258 226; x_wconf 88' lang='lat' dir='ltr'><strong>meae</strong></span> <span class='ocrx_word' id='word_1_8' title='bbox 274 185 436 225; x_wconf 87' lang='lat' dir='ltr'><strong>miseriae</strong></span> <span class='ocrx_word' id='word_1_9' title='bbox 455 185 710 225; x_wconf 85' lang='lat' dir='ltr'><strong>subleventur.</strong></span> <span class='ocrx_word' id='word_1_10' title='bbox 740 186 846 225; x_wconf 91' lang='lat' dir='ltr'><strong>Nam</strong></span> <span class='ocrx_word' id='word_1_11' title='bbox 865 186 914 225; x_wconf 85' lang='lat' dir='ltr'><strong>ad</strong></span> <span class='ocrx_word' id='word_1_12' title='bbox 932 199 994 225; x_wconf 92' lang='lat' dir='ltr'><strong>me</strong></span> <span class='ocrx_word' id='word_1_13' title='bbox 1020 186 1066 224; x_wconf 93' lang='lat' dir='ltr'><strong>P.</strong></span> <span class='ocrx_word' id='word_1_14' title='bbox 1083 185 1276 234; x_wconf 87' lang='lat' dir='ltr'><strong>Valerius,</strong></span> 
     </span>
     <span class='ocr_line' id='line_1_3' title="bbox 159 239 1277 292; baseline -0.002 -13"><span class='ocrx_word' id='word_1_15' title='bbox 159 240 276 280; x_wconf 86' lang='lat' dir='ltr'><strong>homo</strong></span> <span class='ocrx_word' id='word_1_16' title='bbox 294 240 494 287; x_wconf 88' lang='lat' dir='ltr'><strong>officiosus,</strong></span> <span class='ocrx_word' id='word_1_17' title='bbox 516 240 664 292; x_wconf 88' lang='lat' dir='ltr'><strong>scripsit</strong></span> <span class='ocrx_word' id='word_1_18' title='bbox 684 239 753 288; x_wconf 89' lang='lat' dir='ltr'><strong>(id,</strong></span> <span class='ocrx_word' id='word_1_19' title='bbox 774 240 878 292; x_wconf 87' lang='lat' dir='ltr'><strong>quod</strong></span> <span class='ocrx_word' id='word_1_20' title='bbox 904 254 973 292; x_wconf 88' lang='lat' dir='ltr'><strong>ego</strong></span> <span class='ocrx_word' id='word_1_21' title='bbox 998 239 1170 278; x_wconf 82' lang='lat' dir='ltr'><strong>maximo</strong></span> <span class='ocrx_word' id='word_1_22' title='bbox 1188 252 1277 277; x_wconf 91' lang='lat' dir='ltr'><strong>cum</strong></span> 
     </span>
     <span class='ocr_line' id='line_1_4' title="bbox 162 293 1279 346; baseline -0.001 -13"><span class='ocrx_word' id='word_1_23' title='bbox 162 295 253 333; x_wconf 89' lang='lat' dir='ltr'><strong>fletu</strong></span> <span class='ocrx_word' id='word_1_24' title='bbox 274 294 382 345; x_wconf 87' lang='lat' dir='ltr'><strong>legi),</strong></span> <span class='ocrx_word' id='word_1_25' title='bbox 399 294 725 346; x_wconf 84' lang='lat' dir='ltr'><strong>quemadmodum</strong></span> <span class='ocrx_word' id='word_1_26' title='bbox 744 307 768 332; x_wconf 89' lang='lat' dir='ltr'><strong>a</strong></span> <span class='ocrx_word' id='word_1_27' title='bbox 785 295 914 333; x_wconf 88' lang='lat' dir='ltr'><strong>Vestae</strong></span> <span class='ocrx_word' id='word_1_28' title='bbox 932 294 982 333; x_wconf 85' lang='lat' dir='ltr'><strong>ad</strong></span> <span class='ocrx_word' id='word_1_29' title='bbox 1006 293 1179 333; x_wconf 81' lang='lat' dir='ltr'><strong>tabulam</strong></span> <span class='ocrx_word' id='word_1_30' title='bbox 1198 293 1279 332; x_wconf 88' lang='lat' dir='ltr'><strong>Va-</strong></span> 
     </span>
     <span class='ocr_line' id='line_1_5' title="bbox 162 348 551 387; baseline -0.005 -1"><span class='ocrx_word' id='word_1_31' title='bbox 162 349 296 387; x_wconf 86' lang='lat' dir='ltr'>leriam</span> <span class='ocrx_word' id='word_1_32' title='bbox 315 348 430 386; x_wconf 86' lang='lat' dir='ltr'><strong>ducta</strong></span> <span class='ocrx_word' id='word_1_33' title='bbox 444 362 551 387; x_wconf 89' lang='lat' dir='ltr'><strong>esses.</strong></span> 
     </span>
    </p>

    <p class='ocr_par' dir='ltr' id='par_1_3' title="bbox 159 401 1279 616">
     <span class='ocr_line' id='line_1_6' title="bbox 216 401 1276 450; baseline 0.001 -10"><span class='ocrx_word' id='word_1_34' title='bbox 216 403 338 450; x_wconf 90' lang='lat' dir='ltr'><strong>Hem,</strong></span> <span class='ocrx_word' id='word_1_35' title='bbox 358 415 445 439; x_wconf 88' lang='lat' dir='ltr'><strong>mea</strong></span> <span class='ocrx_word' id='word_1_36' title='bbox 462 403 532 440; x_wconf 81' lang='lat' dir='ltr'><strong>lux</strong></span> <span class='ocrx_word' id='word_1_37' title='bbox 548 402 558 440; x_wconf 86' lang='lat'><strong>!</strong></span> <span class='ocrx_word' id='word_1_38' title='bbox 588 415 720 441; x_wconf 90' lang='lat' dir='ltr'><strong>meum</strong></span> <span class='ocrx_word' id='word_1_39' title='bbox 738 401 967 441; x_wconf 89' lang='lat' dir='ltr'><strong>desiderium</strong></span> <span class='ocrx_word' id='word_1_40' title='bbox 983 403 992 441; x_wconf 93' lang='lat'><strong>!</strong></span> <span class='ocrx_word' id='word_1_41' title='bbox 1024 401 1126 440; x_wconf 89' lang='lat' dir='ltr'><strong>unde</strong></span> <span class='ocrx_word' id='word_1_42' title='bbox 1145 414 1276 441; x_wconf 87' lang='lat' dir='ltr'><strong>omnes</strong></span> 
     </span>
     <span class='ocr_line' id='line_1_7' title="bbox 161 455 1279 508; baseline -0.002 -13"><span class='ocrx_word' id='word_1_43' title='bbox 161 469 274 508; x_wconf 88' lang='lat' dir='ltr'><strong>opem</strong></span> <span class='ocrx_word' id='word_1_44' title='bbox 304 462 431 507; x_wconf 88' lang='lat' dir='ltr'><strong>petere</strong></span> <span class='ocrx_word' id='word_1_45' title='bbox 463 456 660 502; x_wconf 81' lang='lat' dir='ltr'><strong>solebant3</strong></span> <span class='ocrx_word' id='word_1_46' title='bbox 690 464 727 494; x_wconf 91' lang='lat' dir='ltr'><strong>te</strong></span> <span class='ocrx_word' id='word_1_47' title='bbox 756 469 872 504; x_wconf 88' lang='lat' dir='ltr'><strong>nunc,</strong></span> <span class='ocrx_word' id='word_1_48' title='bbox 896 469 982 495; x_wconf 89' lang='lat' dir='ltr'><strong>mea</strong></span> <span class='ocrx_word' id='word_1_49' title='bbox 1003 455 1199 503; x_wconf 88' lang='lat' dir='ltr'><strong>Terentia,</strong></span> <span class='ocrx_word' id='word_1_50' title='bbox 1226 456 1279 494; x_wconf 87' lang='lat' dir='ltr'><strong>sic</strong></span> 
     </span>
     <span class='ocr_line' id='line_1_8' title="bbox 160 509 1278 561; baseline -0.002 -12"><span class='ocrx_word' id='word_1_51' title='bbox 160 510 302 559; x_wconf 86' lang='lat' dir='ltr'><strong>vexari,</strong></span> <span class='ocrx_word' id='word_1_52' title='bbox 324 510 375 548; x_wconf 92' lang='lat' dir='ltr'><strong>sic</strong></span> <span class='ocrx_word' id='word_1_53' title='bbox 389 511 513 560; x_wconf 86' lang='lat' dir='ltr'><strong>jacere</strong></span> <span class='ocrx_word' id='word_1_54' title='bbox 526 510 567 547; x_wconf 91' lang='lat' dir='ltr'><strong>in</strong></span> <span class='ocrx_word' id='word_1_55' title='bbox 585 510 762 561; x_wconf 86' lang='lat' dir='ltr'><strong>lacrymis</strong></span> <span class='ocrx_word' id='word_1_56' title='bbox 781 517 818 548; x_wconf 89' lang='lat' dir='ltr'><strong>et</strong></span> <span class='ocrx_word' id='word_1_57' title='bbox 836 510 1008 548; x_wconf 84' lang='lat' dir='ltr'><strong>sordibus</strong></span> <span class='ocrx_word' id='word_1_58' title='bbox 1023 511 1032 548; x_wconf 91' lang='lat'>!</span> <span class='ocrx_word' id='word_1_59' title='bbox 1063 509 1178 561; x_wconf 90' lang='lat' dir='ltr'><strong>idque</strong></span> <span class='ocrx_word' id='word_1_60' title='bbox 1196 509 1278 548; x_wconf 89' lang='lat' dir='ltr'><strong>fieri</strong></span> 
     </span>
     <span class='ocr_line' id='line_1_9' title="bbox 159 563 1218 616; baseline -0.001 -14"><span class='ocrx_word' id='word_1_61' title='bbox 159 565 248 602; x_wconf 62' lang='lat' dir='ltr'><strong>mea</strong></span> <span class='ocrx_word' id='word_1_62' title='bbox 267 564 395 615; x_wconf 68' lang='lat' dir='ltr'><strong>culpa,</strong></span> <span class='ocrx_word' id='word_1_63' title='bbox 412 564 479 615; x_wconf 91' lang='lat' dir='ltr'><strong>qui</strong></span> <span class='ocrx_word' id='word_1_64' title='bbox 497 572 647 602; x_wconf 86' lang='lat' dir='ltr'><strong>caeteros</strong></span> <span class='ocrx_word' id='word_1_65' title='bbox 662 564 820 612; x_wconf 79' lang='lat' dir='ltr'><strong>servavi,</strong></span> <span class='ocrx_word' id='word_1_66' title='bbox 834 571 879 601; x_wconf 90' lang='lat' dir='ltr'><strong>ut</strong></span> <span class='ocrx_word' id='word_1_67' title='bbox 897 577 965 602; x_wconf 90' lang='lat' dir='ltr'><strong>nos</strong></span> <span class='ocrx_word' id='word_1_68' title='bbox 982 564 1193 616; x_wconf 90' lang='lat' dir='ltr'><strong>periremus</strong></span> <span class='ocrx_word' id='word_1_69' title='bbox 1209 563 1218 601; x_wconf 89' lang='lat'>!</span> 
     </span>
    </p>

    <p class='ocr_par' dir='ltr' id='par_1_4' title="bbox 158 617 1279 1369">
     <span class='ocr_line' id='line_1_10' title="bbox 158 617 1277 667; baseline 0 -11"><span class='ocrx_word' id='word_1_70' title='bbox 158 636 161 640; x_wconf 77' lang='lat'><strong>,</strong></span> <span class='ocrx_word' id='word_1_71' title='bbox 216 618 333 666; x_wconf 88' lang='lat' dir='ltr'><strong>Quod</strong></span> <span class='ocrx_word' id='word_1_72' title='bbox 352 617 399 656; x_wconf 89' lang='lat' dir='ltr'><strong>de</strong></span> <span class='ocrx_word' id='word_1_73' title='bbox 417 618 530 656; x_wconf 91' lang='lat' dir='ltr'><strong>domo</strong></span> <span class='ocrx_word' id='word_1_74' title='bbox 546 618 688 665; x_wconf 85' lang='lat' dir='ltr'><strong>scribis,</strong></span> <span class='ocrx_word' id='word_1_75' title='bbox 708 617 780 656; x_wconf 90' lang='lat' dir='ltr'><strong>hoc</strong></span> <span class='ocrx_word' id='word_1_76' title='bbox 799 625 866 664; x_wconf 84' lang='lat' dir='ltr'><strong>est,</strong></span> <span class='ocrx_word' id='word_1_77' title='bbox 887 617 934 656; x_wconf 89' lang='lat' dir='ltr'><strong>de</strong></span> <span class='ocrx_word' id='word_1_78' title='bbox 957 618 1069 664; x_wconf 62' lang='lat' dir='ltr'><strong>are3r3</strong></span> <span class='ocrx_word' id='word_1_79' title='bbox 1101 630 1169 667; x_wconf 89' lang='lat' dir='ltr'><strong>ego</strong></span> <span class='ocrx_word' id='word_1_80' title='bbox 1188 630 1277 656; x_wconf 89' lang='lat' dir='ltr'><strong>vero</strong></span> 
     </span>
     <span class='ocr_line' id='line_1_11' title="bbox 162 671 1279 723; baseline -0.002 -12"><span class='ocrx_word' id='word_1_81' title='bbox 162 679 248 711; x_wconf 87' lang='lat' dir='ltr'><strong>tum</strong></span> <span class='ocrx_word' id='word_1_82' title='bbox 260 671 424 723; x_wconf 85' lang='lat' dir='ltr'><strong>denique</strong></span> <span class='ocrx_word' id='word_1_83' title='bbox 442 671 540 709; x_wconf 80' lang='lat' dir='ltr'><strong>mihi</strong></span> <span class='ocrx_word' id='word_1_84' title='bbox 552 672 706 710; x_wconf 84' lang='lat' dir='ltr'><strong>videbor</strong></span> <span class='ocrx_word' id='word_1_85' title='bbox 720 671 929 720; x_wconf 86' lang='lat' dir='ltr'><strong>restitutus,</strong></span> <span class='ocrx_word' id='word_1_86' title='bbox 950 672 981 710; x_wconf 86' lang='lat' dir='ltr'><strong>si</strong></span> <span class='ocrx_word' id='word_1_87' title='bbox 999 671 1066 709; x_wconf 90' lang='lat' dir='ltr'><strong>illa</strong></span> <span class='ocrx_word' id='word_1_88' title='bbox 1080 671 1188 709; x_wconf 89' lang='lat' dir='ltr'><strong>nobis</strong></span> <span class='ocrx_word' id='word_1_89' title='bbox 1208 671 1279 709; x_wconf 87' lang='lat' dir='ltr'><strong>erit</strong></span> 
     </span>
     <span class='ocr_line' id='line_1_12' title="bbox 162 724 1279 764; baseline -0.002 0"><span class='ocrx_word' id='word_1_90' title='bbox 162 726 345 764; x_wconf 83' lang='lat' dir='ltr'><strong>restituta.</strong></span> <span class='ocrx_word' id='word_1_91' title='bbox 364 725 514 763; x_wconf 91' lang='lat' dir='ltr'><strong>Verum</strong></span> <span class='ocrx_word' id='word_1_92' title='bbox 524 725 606 763; x_wconf 86' lang='lat' dir='ltr'><strong>haec</strong></span> <span class='ocrx_word' id='word_1_93' title='bbox 625 737 702 763; x_wconf 92' lang='lat' dir='ltr'><strong>non</strong></span> <span class='ocrx_word' id='word_1_94' title='bbox 721 732 809 763; x_wconf 92' lang='lat' dir='ltr'><strong>sunt</strong></span> <span class='ocrx_word' id='word_1_95' title='bbox 827 725 868 763; x_wconf 89' lang='lat' dir='ltr'><strong>in</strong></span> <span class='ocrx_word' id='word_1_96' title='bbox 879 725 1007 763; x_wconf 58' lang='lat' dir='ltr'><strong>nostra</strong></span> <span class='ocrx_word' id='word_1_97' title='bbox 1019 738 1150 763; x_wconf 87' lang='lat' dir='ltr'><strong>manu.</strong></span> <span class='ocrx_word' id='word_1_98' title='bbox 1171 724 1279 762; x_wconf 86' lang='lat' dir='ltr'><strong>Illud</strong></span> 
     </span>
     <span class='ocr_line' id='line_1_13' title="bbox 160 778 1277 831; baseline -0.001 -13"><span class='ocrx_word' id='word_1_99' title='bbox 160 779 284 827; x_wconf 87' lang='lat' dir='ltr'><strong>doleo,</strong></span> <span class='ocrx_word' id='word_1_100' title='bbox 304 793 391 831; x_wconf 87' lang='lat' dir='ltr'><strong>quae</strong></span> <span class='ocrx_word' id='word_1_101' title='bbox 408 779 580 830; x_wconf 89' lang='lat' dir='ltr'><strong>impensa</strong></span> <span class='ocrx_word' id='word_1_102' title='bbox 607 778 778 817; x_wconf 86' lang='lat' dir='ltr'><strong>facienda</strong></span> <span class='ocrx_word' id='word_1_103' title='bbox 797 786 865 827; x_wconf 86' lang='lat' dir='ltr'><strong>est,</strong></span> <span class='ocrx_word' id='word_1_104' title='bbox 895 779 936 816; x_wconf 91' lang='lat' dir='ltr'><strong>in</strong></span> <span class='ocrx_word' id='word_1_105' title='bbox 966 780 1047 828; x_wconf 88' lang='lat' dir='ltr'><strong>ejus</strong></span> <span class='ocrx_word' id='word_1_106' title='bbox 1070 785 1219 830; x_wconf 89' lang='lat' dir='ltr'><strong>partem</strong></span> <span class='ocrx_word' id='word_1_107' title='bbox 1238 784 1277 817; x_wconf 84' lang='lat' dir='ltr'><strong>te</strong></span> 
     </span>
     <span class='ocr_line' id='line_1_14' title="bbox 158 831 1278 883; baseline -0.002 -12"><span class='ocrx_word' id='word_1_108' title='bbox 158 834 337 872; x_wconf 82' lang='lat' dir='ltr'><strong>miseram</strong></span> <span class='ocrx_word' id='word_1_109' title='bbox 368 839 404 870; x_wconf 90' lang='lat' dir='ltr'><strong>et</strong></span> <span class='ocrx_word' id='word_1_110' title='bbox 433 833 681 883; x_wconf 84' lang='lat' dir='ltr'><strong>despoliatam</strong></span> <span class='ocrx_word' id='word_1_111' title='bbox 705 832 843 870; x_wconf 87' lang='lat' dir='ltr'><strong>venire.</strong></span> <span class='ocrx_word' id='word_1_112' title='bbox 873 832 992 880; x_wconf 86' lang='lat' dir='ltr'><strong>Quod</strong></span> <span class='ocrx_word' id='word_1_113' title='bbox 1020 833 1052 870; x_wconf 85' lang='lat' dir='ltr'><strong>si</strong></span> <span class='ocrx_word' id='word_1_114' title='bbox 1081 831 1278 871; x_wconf 87' lang='lat' dir='ltr'><strong>conficitur</strong></span> 
     </span>
     <span class='ocr_line' id='line_1_15' title="bbox 160 886 1276 938; baseline -0.002 -12"><span class='ocrx_word' id='word_1_115' title='bbox 160 888 372 938; x_wconf 81' lang='lat' dir='ltr'><strong>negotium,</strong></span> <span class='ocrx_word' id='word_1_116' title='bbox 402 887 531 925; x_wconf 85' lang='lat' dir='ltr'><strong>omnia</strong></span> <span class='ocrx_word' id='word_1_117' title='bbox 557 898 854 937; x_wconf 84' lang='lat' dir='ltr'><strong>consequemur:</strong></span> <span class='ocrx_word' id='word_1_118' title='bbox 885 887 943 924; x_wconf 88' lang='lat' dir='ltr'><strong>sin</strong></span> <span class='ocrx_word' id='word_1_119' title='bbox 963 886 1094 924; x_wconf 88' lang='lat' dir='ltr'><strong>eadem</strong></span> <span class='ocrx_word' id='word_1_120' title='bbox 1113 898 1181 924; x_wconf 89' lang='lat' dir='ltr'><strong>nos</strong></span> <span class='ocrx_word' id='word_1_121' title='bbox 1199 886 1276 924; x_wconf 90' lang='lat' dir='ltr'><strong>for-</strong></span> 
     </span>
     <span class='ocr_line' id='line_1_16' title="bbox 160 939 1275 992; baseline -0.001 -13"><span class='ocrx_word' id='word_1_122' title='bbox 160 948 255 979; x_wconf 88' lang='lat' dir='ltr'><strong>tuna</strong></span> <span class='ocrx_word' id='word_1_123' title='bbox 272 948 434 992; x_wconf 85' lang='lat' dir='ltr'><strong>premet,</strong></span> <span class='ocrx_word' id='word_1_124' title='bbox 455 940 619 978; x_wconf 86' lang='lat' dir='ltr'><strong>etiamne</strong></span> <span class='ocrx_word' id='word_1_125' title='bbox 633 939 811 990; x_wconf 81' lang='lat' dir='ltr'><strong>reliquias</strong></span> <span class='ocrx_word' id='word_1_126' title='bbox 825 946 910 978; x_wconf 91' lang='lat' dir='ltr'><strong>tuas</strong></span> <span class='ocrx_word' id='word_1_127' title='bbox 925 940 1061 978; x_wconf 88' lang='lat' dir='ltr'><strong>misera</strong></span> <span class='ocrx_word' id='word_1_128' title='bbox 1075 939 1247 990; x_wconf 87' lang='lat' dir='ltr'><strong>projicies</strong></span> <span class='ocrx_word' id='word_1_129' title='bbox 1257 942 1275 978; x_wconf 72' lang='lat'><strong>,⁹</strong></span> 
     </span>
     <span class='ocr_line' id='line_1_17' title="bbox 161 993 1279 1044; baseline -0.001 -11"><span class='ocrx_word' id='word_1_130' title='bbox 161 993 331 1033; x_wconf 86' lang='lat' dir='ltr'><strong>Obsecro</strong></span> <span class='ocrx_word' id='word_1_131' title='bbox 349 1002 400 1041; x_wconf 90' lang='lat' dir='ltr'><strong>te,</strong></span> <span class='ocrx_word' id='word_1_132' title='bbox 416 1006 503 1032; x_wconf 88' lang='lat' dir='ltr'><strong>mea</strong></span> <span class='ocrx_word' id='word_1_133' title='bbox 521 994 619 1031; x_wconf 84' lang='lat' dir='ltr'><strong>vita!</strong></span> <span class='ocrx_word' id='word_1_134' title='bbox 643 993 746 1044; x_wconf 89' lang='lat' dir='ltr'><strong>quod</strong></span> <span class='ocrx_word' id='word_1_135' title='bbox 765 993 813 1030; x_wconf 87' lang='lat' dir='ltr'><strong>ad</strong></span> <span class='ocrx_word' id='word_1_136' title='bbox 835 1001 1008 1031; x_wconf 89' lang='lat' dir='ltr'><strong>sumtum</strong></span> <span class='ocrx_word' id='word_1_137' title='bbox 1029 994 1176 1042; x_wconf 82' lang='lat' dir='ltr'><strong>attinet,</strong></span> <span class='ocrx_word' id='word_1_138' title='bbox 1198 993 1279 1032; x_wconf 87' lang='lat' dir='ltr'><strong>sine</strong></span> 
     </span>
     <span class='ocr_line' id='line_1_18' title="bbox 159 1046 1276 1099; baseline -0.001 -13"><span class='ocrx_word' id='word_1_139' title='bbox 159 1048 267 1092; x_wconf 81' lang='lat' dir='ltr'><strong>alios,</strong></span> <span class='ocrx_word' id='word_1_140' title='bbox 288 1048 355 1099; x_wconf 91' lang='lat' dir='ltr'><strong>qui</strong></span> <span class='ocrx_word' id='word_1_141' title='bbox 374 1054 545 1099; x_wconf 87' lang='lat' dir='ltr'><strong>possunt,</strong></span> <span class='ocrx_word' id='word_1_142' title='bbox 566 1047 598 1084; x_wconf 91' lang='lat' dir='ltr'><strong>si</strong></span> <span class='ocrx_word' id='word_1_143' title='bbox 619 1046 733 1085; x_wconf 86' lang='lat' dir='ltr'><strong>modo</strong></span> <span class='ocrx_word' id='word_1_144' title='bbox 752 1047 900 1095; x_wconf 85' lang='lat' dir='ltr'><strong>volunt,</strong></span> <span class='ocrx_word' id='word_1_145' title='bbox 921 1047 1128 1092; x_wconf 80' lang='lat' dir='ltr'><strong>sustinere3</strong></span> <span class='ocrx_word' id='word_1_146' title='bbox 1160 1054 1197 1085; x_wconf 92' lang='lat' dir='ltr'><strong>et</strong></span> <span class='ocrx_word' id='word_1_147' title='bbox 1211 1060 1276 1085; x_wconf 91' lang='lat' dir='ltr'><strong>va-</strong></span> 
     </span>
     <span class='ocr_line' id='line_1_19' title="bbox 158 1100 1278 1149; baseline 0 -10"><span class='ocrx_word' id='word_1_148' title='bbox 158 1101 369 1140; x_wconf 78' lang='lat' dir='ltr'><strong>letudinem</strong></span> <span class='ocrx_word' id='word_1_149' title='bbox 391 1102 504 1139; x_wconf 89' lang='lat' dir='ltr'><strong>istam</strong></span> <span class='ocrx_word' id='word_1_150' title='bbox 523 1101 731 1148; x_wconf 89' lang='lat' dir='ltr'><strong>infirmam,</strong></span> <span class='ocrx_word' id='word_1_151' title='bbox 753 1100 785 1138; x_wconf 91' lang='lat' dir='ltr'><strong>si</strong></span> <span class='ocrx_word' id='word_1_152' title='bbox 802 1113 866 1139; x_wconf 88' lang='lat' dir='ltr'><strong>me</strong></span> <span class='ocrx_word' id='word_1_153' title='bbox 890 1113 1009 1149; x_wconf 90' lang='lat' dir='ltr'><strong>amas,</strong></span> <span class='ocrx_word' id='word_1_154' title='bbox 1030 1101 1108 1138; x_wconf 88' lang='lat' dir='ltr'><strong>noli</strong></span> <span class='ocrx_word' id='word_1_155' title='bbox 1128 1113 1278 1139; x_wconf 81' lang='lat' dir='ltr'><strong>vexare.</strong></span> 
     </span>
     <span class='ocr_line' id='line_1_20' title="bbox 159 1154 1278 1206; baseline -0.002 -12"><span class='ocrx_word' id='word_1_156' title='bbox 159 1155 267 1194; x_wconf 88' lang='lat' dir='ltr'><strong>Nam</strong></span> <span class='ocrx_word' id='word_1_157' title='bbox 284 1155 382 1193; x_wconf 86' lang='lat' dir='ltr'><strong>mihi</strong></span> <span class='ocrx_word' id='word_1_158' title='bbox 401 1162 487 1193; x_wconf 85' lang='lat' dir='ltr'><strong>ante</strong></span> <span class='ocrx_word' id='word_1_159' title='bbox 506 1155 634 1193; x_wconf 89' lang='lat' dir='ltr'><strong>oculos</strong></span> <span class='ocrx_word' id='word_1_160' title='bbox 659 1154 738 1192; x_wconf 91' lang='lat' dir='ltr'><strong>dies</strong></span> <span class='ocrx_word' id='word_1_161' title='bbox 757 1162 962 1206; x_wconf 91' lang='lat' dir='ltr'><strong>noctesque</strong></span> <span class='ocrx_word' id='word_1_162' title='bbox 980 1154 1147 1193; x_wconf 89' lang='lat' dir='ltr'><strong>versaris.</strong></span> <span class='ocrx_word' id='word_1_163' title='bbox 1179 1154 1278 1193; x_wconf 90' lang='lat' dir='ltr'><strong>Om-</strong></span> 
     </span>
     <span class='ocr_line' id='line_1_21' title="bbox 158 1208 1276 1260; baseline 0 -13"><span class='ocrx_word' id='word_1_164' title='bbox 158 1221 226 1247; x_wconf 90' lang='lat' dir='ltr'><strong>nes</strong></span> <span class='ocrx_word' id='word_1_165' title='bbox 245 1210 392 1247; x_wconf 89' lang='lat' dir='ltr'><strong>labores</strong></span> <span class='ocrx_word' id='word_1_166' title='bbox 416 1216 453 1247; x_wconf 89' lang='lat' dir='ltr'><strong>te</strong></span> <span class='ocrx_word' id='word_1_167' title='bbox 481 1209 652 1260; x_wconf 82' lang='lat' dir='ltr'><strong>excipere</strong></span> <span class='ocrx_word' id='word_1_168' title='bbox 670 1208 804 1246; x_wconf 90' lang='lat' dir='ltr'><strong>video:</strong></span> <span class='ocrx_word' id='word_1_169' title='bbox 835 1208 964 1256; x_wconf 90' lang='lat' dir='ltr'><strong>timeo,</strong></span> <span class='ocrx_word' id='word_1_170' title='bbox 991 1216 1036 1246; x_wconf 90' lang='lat' dir='ltr'><strong>ut</strong></span> <span class='ocrx_word' id='word_1_171' title='bbox 1066 1208 1276 1247; x_wconf 88' lang='lat' dir='ltr'><strong>sustineas·</strong></span> 
     </span>
     <span class='ocr_line' id='line_1_22' title="bbox 161 1262 1279 1314; baseline -0.001 -12"><span class='ocrx_word' id='word_1_172' title='bbox 161 1263 227 1302; x_wconf 79' lang='lat' dir='ltr'><strong>sed.</strong></span> <span class='ocrx_word' id='word_1_173' title='bbox 244 1263 381 1302; x_wconf 90' lang='lat' dir='ltr'><strong>video&#39;</strong></span> <span class='ocrx_word' id='word_1_174' title='bbox 371 1275 412 1300; x_wconf 91' lang='lat' dir='ltr'><strong>1n</strong></span> <span class='ocrx_word' id='word_1_175' title='bbox 430 1269 468 1300; x_wconf 84' lang='lat' dir='ltr'><strong>te</strong></span> <span class='ocrx_word' id='word_1_176' title='bbox 488 1275 566 1301; x_wconf 90' lang='lat' dir='ltr'><strong>esse</strong></span> <span class='ocrx_word' id='word_1_177' title='bbox 591 1262 731 1300; x_wconf 84' lang='lat' dir='ltr'><strong>omnia.</strong></span> <span class='ocrx_word' id='word_1_178' title='bbox 758 1262 903 1310; x_wconf 88' lang='lat' dir='ltr'><strong>Quare,</strong></span> <span class='ocrx_word' id='word_1_179' title='bbox 924 1270 969 1299; x_wconf 91' lang='lat' dir='ltr'><strong>ut</strong></span> <span class='ocrx_word' id='word_1_180' title='bbox 986 1262 1040 1309; x_wconf 89' lang='lat' dir='ltr'><strong>id,</strong></span> <span class='ocrx_word' id='word_1_181' title='bbox 1062 1262 1165 1314; x_wconf 92' lang='lat' dir='ltr'><strong>quod</strong></span> <span class='ocrx_word' id='word_1_182' title='bbox 1194 1275 1279 1314; x_wconf 82' lang='lat' dir='ltr'><strong>spe—</strong></span> 
     </span>
     <span class='ocr_line' id='line_1_23' title="bbox 159 1315 1186 1369; baseline -0.003 -13"><span class='ocrx_word' id='word_1_183' title='bbox 159 1330 235 1364; x_wconf 84' lang='lat' dir='ltr'><strong>ras,</strong></span> <span class='ocrx_word' id='word_1_184' title='bbox 256 1324 293 1356; x_wconf 90' lang='lat' dir='ltr'><strong>et</strong></span> <span class='ocrx_word' id='word_1_185' title='bbox 308 1316 411 1369; x_wconf 91' lang='lat' dir='ltr'><strong>quod</strong></span> <span class='ocrx_word' id='word_1_186' title='bbox 425 1316 519 1367; x_wconf 81' lang='lat' dir='ltr'><strong>agis,</strong></span> <span class='ocrx_word' id='word_1_187' title='bbox 541 1328 830 1367; x_wconf 87' lang='lat' dir='ltr'><strong>consequamur,</strong></span> <span class='ocrx_word' id='word_1_188' title='bbox 852 1316 947 1354; x_wconf 90' lang='lat' dir='ltr'><strong>servi</strong></span> <span class='ocrx_word' id='word_1_189' title='bbox 967 1315 1186 1354; x_wconf 86' lang='lat' dir='ltr'><strong>valetudini.</strong></span> 
     </span>
    </p>

    <p class='ocr_par' dir='ltr' id='par_1_5' title="bbox 159 1369 1280 1732">
     <span class='ocr_line' id='line_1_24' title="bbox 212 1369 1280 1422; baseline -0.001 -13"><span class='ocrx_word' id='word_1_190' title='bbox 212 1371 315 1422; x_wconf 76' lang='lat' dir='ltr'><strong>Ego,</strong></span> <span class='ocrx_word' id='word_1_191' title='bbox 335 1371 385 1409; x_wconf 87' lang='lat' dir='ltr'><strong>ad</strong></span> <span class='ocrx_word' id='word_1_192' title='bbox 403 1383 498 1422; x_wconf 90' lang='lat' dir='ltr'><strong>quos</strong></span> <span class='ocrx_word' id='word_1_193' title='bbox 518 1370 693 1417; x_wconf 85' lang='lat' dir='ltr'><strong>scribam,</strong></span> <span class='ocrx_word' id='word_1_194' title='bbox 723 1369 860 1417; x_wconf 88' lang='lat' dir='ltr'><strong>nescio,</strong></span> <span class='ocrx_word' id='word_1_195' title='bbox 890 1369 965 1407; x_wconf 90' lang='lat' dir='ltr'><strong>nisi</strong></span> <span class='ocrx_word' id='word_1_196' title='bbox 994 1369 1043 1407; x_wconf 86' lang='lat' dir='ltr'><strong>ad</strong></span> <span class='ocrx_word' id='word_1_197' title='bbox 1062 1382 1123 1407; x_wconf 89' lang='lat' dir='ltr'><strong>eos</strong></span> <span class='ocrx_word' id='word_1_198' title='bbox 1143 1370 1211 1420; x_wconf 91' lang='lat' dir='ltr'><strong>qui</strong></span> <span class='ocrx_word' id='word_1_199' title='bbox 1230 1369 1280 1408; x_wconf 88' lang='lat' dir='ltr'><strong>ad</strong></span> 
     </span>
     <span class='ocr_line' id='line_1_25' title="bbox 159 1423 1279 1475; baseline -0.003 -11"><span class='ocrx_word' id='word_1_200' title='bbox 159 1438 223 1464; x_wconf 88' lang='lat' dir='ltr'><strong>me</strong></span> <span class='ocrx_word' id='word_1_201' title='bbox 242 1425 424 1471; x_wconf 89' lang='lat' dir='ltr'><strong>scribunt,</strong></span> <span class='ocrx_word' id='word_1_202' title='bbox 442 1433 508 1462; x_wconf 90' lang='lat' dir='ltr'><strong>aut</strong></span> <span class='ocrx_word' id='word_1_203' title='bbox 533 1424 582 1462; x_wconf 90' lang='lat' dir='ltr'><strong>ad</strong></span> <span class='ocrx_word' id='word_1_204' title='bbox 601 1437 662 1462; x_wconf 90' lang='lat' dir='ltr'><strong>eos</strong></span> <span class='ocrx_word' id='word_1_205' title='bbox 677 1423 724 1461; x_wconf 91' lang='lat' dir='ltr'><strong>de</strong></span> <span class='ocrx_word' id='word_1_206' title='bbox 743 1423 882 1474; x_wconf 90' lang='lat' dir='ltr'><strong>quibus</strong></span> <span class='ocrx_word' id='word_1_207' title='bbox 903 1423 952 1461; x_wconf 87' lang='lat' dir='ltr'><strong>ad</strong></span> <span class='ocrx_word' id='word_1_208' title='bbox 967 1436 1029 1461; x_wconf 88' lang='lat' dir='ltr'><strong>me</strong></span> <span class='ocrx_word' id='word_1_209' title='bbox 1047 1435 1112 1461; x_wconf 84' lang='lat' dir='ltr'><strong>vos</strong></span> <span class='ocrx_word' id='word_1_210' title='bbox 1131 1423 1279 1475; x_wconf 80' lang='lat' dir='ltr'><strong>aliquid.</strong></span> 
     </span>
     <span class='ocr_line' id='line_1_26' title="bbox 159 1477 1280 1530; baseline -0.004 -12"><span class='ocrx_word' id='word_1_211' title='bbox 159 1479 331 1518; x_wconf 88' lang='lat' dir='ltr'><strong>scribitis.</strong></span> <span class='ocrx_word' id='word_1_212' title='bbox 359 1478 546 1529; x_wconf 86' lang='lat' dir='ltr'><strong>Longius,</strong></span> <span class='ocrx_word' id='word_1_213' title='bbox 568 1477 750 1530; x_wconf 89' lang='lat' dir='ltr'><strong>quoniam</strong></span> <span class='ocrx_word' id='word_1_214' title='bbox 769 1477 822 1515; x_wconf 85' lang='lat' dir='ltr'><strong>ita</strong></span> <span class='ocrx_word' id='word_1_215' title='bbox 834 1477 940 1516; x_wconf 88' lang='lat' dir='ltr'><strong>vobis</strong></span> <span class='ocrx_word' id='word_1_216' title='bbox 959 1477 1095 1528; x_wconf 89' lang='lat' dir='ltr'><strong>placet,</strong></span> <span class='ocrx_word' id='word_1_217' title='bbox 1112 1489 1189 1514; x_wconf 91' lang='lat' dir='ltr'><strong>non</strong></span> <span class='ocrx_word' id='word_1_218' title='bbox 1201 1477 1280 1515; x_wconf 69' lang='lat' dir='ltr'><strong>dis-1</strong></span> 
     </span>
     <span class='ocr_line' id='line_1_27' title="bbox 159 1530 1276 1583; baseline -0.002 -12"><span class='ocrx_word' id='word_1_219' title='bbox 159 1532 316 1571; x_wconf 87' lang='lat' dir='ltr'><strong>cedam.</strong></span> <span class='ocrx_word' id='word_1_220' title='bbox 347 1532 412 1570; x_wconf 87' lang='lat' dir='ltr'><strong>sed</strong></span> <span class='ocrx_word' id='word_1_221' title='bbox 431 1531 560 1579; x_wconf 86' lang='lat' dir='ltr'><strong>velim,</strong></span> <span class='ocrx_word' id='word_1_222' title='bbox 582 1544 699 1583; x_wconf 87' lang='lat' dir='ltr'><strong>quam</strong></span> <span class='ocrx_word' id='word_1_223' title='bbox 726 1531 932 1582; x_wconf 87' lang='lat' dir='ltr'><strong>saepissime</strong></span> <span class='ocrx_word' id='word_1_224' title='bbox 956 1531 1083 1569; x_wconf 88' lang='lat' dir='ltr'><strong>literas</strong></span> <span class='ocrx_word' id='word_1_225' title='bbox 1100 1530 1276 1579; x_wconf 88' lang='lat' dir='ltr'><strong>mittatis,</strong></span> 
     </span>
     <span class='ocr_line' id='line_1_28' title="bbox 159 1584 1278 1638; baseline -0.003 -14"><span class='ocrx_word' id='word_1_226' title='bbox 159 1586 384 1638; x_wconf 86' lang='lat' dir='ltr'><strong>praesertim,</strong></span> <span class='ocrx_word' id='word_1_227' title='bbox 405 1585 436 1624; x_wconf 89' lang='lat' dir='ltr'><strong>si</strong></span> <span class='ocrx_word' id='word_1_228' title='bbox 454 1585 548 1636; x_wconf 82' lang='lat' dir='ltr'><strong>quid.</strong></span> <span class='ocrx_word' id='word_1_229' title='bbox 567 1593 621 1623; x_wconf 91' lang='lat' dir='ltr'><strong>est</strong></span> <span class='ocrx_word' id='word_1_230' title='bbox 639 1585 801 1633; x_wconf 90' lang='lat' dir='ltr'><strong>firmius,</strong></span> <span class='ocrx_word' id='word_1_231' title='bbox 829 1584 933 1636; x_wconf 91' lang='lat' dir='ltr'><strong>quod</strong></span> <span class='ocrx_word' id='word_1_232' title='bbox 961 1596 1167 1635; x_wconf 86' lang='lat' dir='ltr'><strong>speremus.</strong></span> <span class='ocrx_word' id='word_1_233' title='bbox 1196 1584 1278 1622; x_wconf 91' lang='lat' dir='ltr'><strong>Va-</strong></span> 
     </span>
     <span class='ocr_line' id='line_1_29' title="bbox 159 1637 1272 1689; baseline -0.001 -12"><span class='ocrx_word' id='word_1_234' title='bbox 159 1641 247 1687; x_wconf 90' lang='lat' dir='ltr'><strong>lete,</strong></span> <span class='ocrx_word' id='word_1_235' title='bbox 263 1652 350 1678; x_wconf 86' lang='lat' dir='ltr'><strong>mea</strong></span> <span class='ocrx_word' id='word_1_236' title='bbox 368 1639 564 1689; x_wconf 86' lang='lat' dir='ltr'><strong>desideria,</strong></span> <span class='ocrx_word' id='word_1_237' title='bbox 580 1639 713 1678; x_wconf 87' lang='lat' dir='ltr'><strong>valete.</strong></span> <span class='ocrx_word' id='word_1_238' title='bbox 740 1638 952 1678; x_wconf 85' lang='lat' dir='ltr'>A.d.111</span> <span class='ocrx_word' id='word_1_239' title='bbox 969 1639 1103 1677; x_wconf 89' lang='lat' dir='ltr'><strong>Nonas</strong></span> <span class='ocrx_word' id='word_1_240' title='bbox 1115 1637 1272 1677; x_wconf 89' lang='lat' dir='ltr'><strong>Octobr.</strong></span> 
     </span>
     <span class='ocr_line' id='line_1_30' title="bbox 163 1693 447 1732; baseline -0.007 0"><span class='ocrx_word' id='word_1_241' title='bbox 163 1693 447 1732; x_wconf 84' lang='lat' dir='ltr'><strong>Thessalonica.</strong></span> 
     </span>
    </p>
   </div>
   <div class='ocr_carea' id='block_1_3' title="bbox 166 1847 1280 1948">
    <p class='ocr_par' dir='ltr' id='par_1_6' title="bbox 166 1847 1280 1948">
     <span class='ocr_line' id='line_1_31' title="bbox 166 1847 1280 1904; baseline -0.014 -5"><span class='ocrx_word' id='word_1_242' title='bbox 166 1855 251 1904; x_wconf 88' lang='lat'><strong>(3.)</strong></span> <span class='ocrx_word' id='word_1_243' title='bbox 278 1854 530 1894; x_wconf 89' lang='lat' dir='ltr'>TULLIUS</span> <span class='ocrx_word' id='word_1_244' title='bbox 559 1853 799 1892; x_wconf 86' lang='lat' dir='ltr'><strong>TERENT.</strong></span> <span class='ocrx_word' id='word_1_245' title='bbox 823 1852 894 1890; x_wconf 91' lang='lat' dir='ltr'><strong>ET</strong></span> <span class='ocrx_word' id='word_1_246' title='bbox 911 1850 1075 1890; x_wconf 88' lang='lat' dir='ltr'>TULL.</span> <span class='ocrx_word' id='word_1_247' title='bbox 1104 1847 1181 1889; x_wconf 90' lang='lat' dir='ltr'><strong>ET</strong></span> <span class='ocrx_word' id='word_1_248' title='bbox 1201 1849 1280 1890; x_wconf 90' lang='lat' dir='ltr'><strong>CI-</strong></span> 
     </span>
     <span class='ocr_line' id='line_1_32' title="bbox 461 1905 975 1948; baseline -0.008 0"><span class='ocrx_word' id='word_1_249' title='bbox 461 1908 685 1948; x_wconf 86' lang='lat' dir='ltr'>CERONI</span> <span class='ocrx_word' id='word_1_250' title='bbox 703 1906 831 1946; x_wconf 90' lang='lat' dir='ltr'>SUIS</span> <span class='ocrx_word' id='word_1_251' title='bbox 861 1905 902 1945; x_wconf 94' lang='lat' dir='ltr'><strong>S.</strong></span> <span class='ocrx_word' id='word_1_252' title='bbox 918 1906 975 1944; x_wconf 91' lang='lat' dir='ltr'><strong>D.</strong></span> 
     </span>
    </p>
   </div>
   <div class='ocr_carea' id='block_1_4' title="bbox 161 2010 1287 2232">
    <p class='ocr_par' dir='ltr' id='par_1_7' title="bbox 161 2010 1287 2232">
     <span class='ocr_line' id='line_1_33' title="bbox 220 2010 1282 2078; baseline -0.007 -22"><span class='ocrx_word' id='word_1_253' title='bbox 220 2017 546 2078; x_wconf 80' lang='lat' dir='ltr'><strong>(Argumentum.</strong></span> <span class='ocrx_word' id='word_1_254' title='bbox 563 2037 615 2045; x_wconf 93' lang='lat'>—</span> <span class='ocrx_word' id='word_1_255' title='bbox 628 2014 709 2054; x_wconf 84' lang='lat' dir='ltr'><strong>Sua</strong></span> <span class='ocrx_word' id='word_1_256' title='bbox 727 2012 842 2066; x_wconf 90' lang='lat' dir='ltr'><strong>culpa</strong></span> <span class='ocrx_word' id='word_1_257' title='bbox 859 2013 1006 2052; x_wconf 84' lang='lat' dir='ltr'><strong>factum</strong></span> <span class='ocrx_word' id='word_1_258' title='bbox 1031 2011 1147 2059; x_wconf 86' lang='lat' dir='ltr'><strong>dolet,</strong></span> <span class='ocrx_word' id='word_1_259' title='bbox 1177 2017 1223 2049; x_wconf 91' lang='lat' dir='ltr'><strong>ut</strong></span> <span class='ocrx_word' id='word_1_260' title='bbox 1240 2010 1282 2050; x_wconf 90' lang='lat' dir='ltr'><strong>in</strong></span> 
     </span>
     <span class='ocr_line' id='line_1_34' title="bbox 164 2065 1285 2119; baseline -0.006 -8"><span class='ocrx_word' id='word_1_261' title='bbox 164 2077 290 2110; x_wconf 80' lang='lat' dir='ltr'><strong>tantas</strong></span> <span class='ocrx_word' id='word_1_262' title='bbox 318 2070 488 2109; x_wconf 83' lang='lat' dir='ltr'><strong>miserias</strong></span> <span class='ocrx_word' id='word_1_263' title='bbox 511 2068 724 2108; x_wconf 83' lang='lat' dir='ltr'><strong>inciderint.</strong></span> <span class='ocrx_word' id='word_1_264' title='bbox 753 2067 856 2106; x_wconf 88' lang='lat' dir='ltr'><strong>Dein</strong></span> <span class='ocrx_word' id='word_1_265' title='bbox 888 2067 938 2105; x_wconf 86' lang='lat' dir='ltr'><strong>ad</strong></span> <span class='ocrx_word' id='word_1_266' title='bbox 963 2066 1086 2119; x_wconf 89' lang='lat' dir='ltr'><strong>capita</strong></span> <span class='ocrx_word' id='word_1_267' title='bbox 1117 2065 1285 2117; x_wconf 85' lang='lat' dir='ltr'><strong>epistolae</strong></span> 
     </span>
     <span class='ocr_line' id='line_1_35' title="bbox 161 2118 1287 2177; baseline -0.006 -13"><span class='ocrx_word' id='word_1_268' title='bbox 161 2125 292 2164; x_wconf 85' lang='lat' dir='ltr'><strong>uxoris</strong></span> <span class='ocrx_word' id='word_1_269' title='bbox 309 2124 512 2177; x_wconf 86' lang='lat' dir='ltr'><strong>respondet</strong></span> <span class='ocrx_word' id='word_1_270' title='bbox 528 2123 598 2167; x_wconf 83' lang='lat' dir='ltr'><strong>ita,</strong></span> <span class='ocrx_word' id='word_1_271' title='bbox 623 2129 668 2161; x_wconf 91' lang='lat' dir='ltr'><strong>ut</strong></span> <span class='ocrx_word' id='word_1_272' title='bbox 693 2121 860 2162; x_wconf 86' lang='lat' dir='ltr'><strong>nimium</strong></span> <span class='ocrx_word' id='word_1_273' title='bbox 877 2134 958 2175; x_wconf 85' lang='lat' dir='ltr'><strong>prae</strong></span> <span class='ocrx_word' id='word_1_274' title='bbox 983 2133 1022 2161; x_wconf 84' lang='lat' dir='ltr'><strong>se</strong></span> <span class='ocrx_word' id='word_1_275' title='bbox 1039 2119 1210 2161; x_wconf 83' lang='lat' dir='ltr'><strong>dolorem</strong></span> <span class='ocrx_word' id='word_1_276' title='bbox 1229 2118 1287 2158; x_wconf 88' lang='lat' dir='ltr'><strong>fe-</strong></span> 
     </span>
     <span class='ocr_line' id='line_1_36' title="bbox 165 2178 777 2232; baseline -0.003 -15"><span class='ocrx_word' id='word_1_277' title='bbox 165 2186 237 2230; x_wconf 83' lang='lat' dir='ltr'><strong>rat,</strong></span> <span class='ocrx_word' id='word_1_278' title='bbox 257 2178 368 2232; x_wconf 89' lang='lat' dir='ltr'><strong>eique</strong></span> <span class='ocrx_word' id='word_1_279' title='bbox 386 2190 496 2232; x_wconf 83' lang='lat' dir='ltr'><strong>paene</strong></span> <span class='ocrx_word' id='word_1_280' title='bbox 519 2178 777 2226; x_wconf 85' lang='lat' dir='ltr'><strong>succumbat.)</strong></span> 
     </span>
    </p>
   </div>
  </div>
 </body>
</html>
