1513 2382
204 80 282 117 288
390 78 471 116 AD
501 77 785 116 ATTICUM.
807 77 906 116 Lm.
937 77 986 114 V.
1011 78 1071 116 19.

201 184 319 223 Sociis
349 185 473 223 multo
505 184 736 222 fidelioribus
769 184 927 230 utimur,
955 195 1074 235 quam
1103 181 1309 234 quisquam

199 251 290 276 usus
309 244 429 282 esset;
450 238 590 289 quibus
607 237 834 275 incredibilis
846 237 994 275 videtur
1011 244 1050 275 et
1063 243 1189 274 nostra
1199 245 1310 272 man·

200 291 360 329 suetudo
379 298 416 329 et
433 291 670 329 abstinentia.
700 291 880 329 Delectus
896 290 1059 328 habetur
1075 288 1216 327 civium
1230 287 1312 325 Ro-

196 356 398 382 manorum
413 358 424 381 =
444 344 682 382 frumentum
700 357 748 382 ex
767 344 865 394 agris
883 343 923 381 in
937 344 1020 381 loca
1038 349 1120 380 nita
1137 353 1311 392 compor-

196 405 310 436 tatur.
340 398 382 437 Si
398 397 513 436 fuerit
531 398 686 444 occasio,
706 409 851 442 manu;
880 396 940 434 sin
959 395 1100 442 minus,
1115 394 1221 441 locis,
1241 405 1310 432 nos

196 450 455 489 defendemus.
488 450 633 498 Quare,
652 452 751 488 bono
769 450 897 487 animo
916 462 978 487 es:
1000 449 1108 487 video
1126 448 1228 486 enim
1248 453 1307 491 te;

198 512 250 551 et,
277 503 385 555 quasi
407 516 534 542 coram
561 503 676 551 adsis,
707 504 760 540 ita
782 515 893 541 cerno
923 500 1143 549 συμπαθειαν
1171 501 1310 538 amoris

197 557 268 596 tui.
309 557 383 596 Sed
401 565 438 595 te
456 569 560 607 rogo,
584 556 634 607 (si
652 557 731 593 ullo
756 563 866 606 pacto
891 554 972 592 fieri
989 552 1146 605 poterit)
1165 554 1197 592 si
1213 553 1311 592 inte-

198 624 267 661 gra
285 611 324 647 in
345 617 475 648 senatu
495 618 621 647 nostra
639 622 753 646 causa
770 609 819 646 ad
838 608 920 646 Cal.
941 608 969 646 J
972 607 1147 645 annarias
1160 618 1310 645 manse-

198 664 261 710 rit,
282 671 325 700 ut
344 664 481 701 Romae
499 663 548 700 sis
567 675 695 700 mense
713 662 741 699 J
744 661 912 699 anuario.
942 660 1117 699 Profecto
1134 659 1232 698 nihil
1249 672 1312 698 ac-

199 717 337 768 cipiam
356 716 519 765 injuriae,
547 715 577 753 si
606 724 647 754 tu
667 715 799 753 aderis.
828 714 988 752 Amicos
1009 713 1178 752 consules
1195 713 1312 751 habe-

196 782 300 816 mus,
332 778 505 807 nostrum
535 769 732 806 tribunum
764 767 887 819 plebis
915 767 1118 805 Furnium.
1161 766 1310 804 Verum

197 823 266 861 tua
285 830 342 860 est
359 835 455 873 opus
473 822 706 869 assiduitate,
726 820 941 872 prudentia,
960 820 1094 871 gratia.
1134 818 1311 870 Tempus

198 884 255 914 est
272 876 535 914 necessarium.
568 875 644 914 Sed
673 882 785 926 turpe
812 881 881 923 est,
909 886 973 912 me
995 873 1170 925 pluribus
1188 872 1312 912 verbis

197 942 308 981 agere
325 937 464 967 tecum.

251 983 450 1021 Cicerones
479 981 598 1019 nostri
628 988 717 1019 sunt
753 981 857 1032 apud
885 979 1138 1024 Deiotarum
1168 978 1248 1026 sed,
1278 978 1311 1018 si

196 1049 293 1088 opus
326 1036 408 1079 erit,
440 1035 673 1073 deducentur
696 1034 892 1072 Rhodum.
933 1033 1012 1080 Tu,
1041 1034 1074 1070 si
1102 1046 1141 1071 ω
1159 1032 1310 1076 Romae,

199 1098 244 1128 ut
263 1089 372 1136 soles,
393 1088 679 1139 diligentissime
695 1101 707 1132 ς
737 1088 769 1125 si
785 1087 826 1125 in
840 1087 975 1138 Epiro,
993 1086 1104 1124 mitte
1117 1093 1244 1124 tamen
1263 1085 1312 1124 ad

198 1155 267 1181 nos
285 1142 332 1180 de
358 1142 432 1180 tuis
451 1141 619 1192 aliquem
637 1141 905 1186 tabellarium;
934 1147 979 1178 ut
997 1149 1034 1178 et
1051 1146 1108 1187 tu,
1129 1139 1223 1190 quid
1241 1151 1311 1177 nos

196 1209 371 1247 agamus,
401 1202 437 1232 et
455 1207 540 1240 nOS,
562 1194 656 1245 quid
684 1201 726 1231 tu
754 1207 856 1244 agas,
877 1193 1046 1245 quidque
1073 1200 1225 1231 acturus
1242 1192 1308 1239 sis,

196 1249 291 1287 scire
308 1248 507 1299 possimus.
535 1247 623 1298 Ego
641 1246 699 1285 tui
717 1247 832 1284 Bruti
850 1259 931 1284 rem
956 1246 1008 1284 sic
1031 1258 1117 1296 agO,
1138 1253 1183 1284 ut
1199 1258 1309 1284 suam

198 1303 280 1353 ipse
297 1313 374 1339 non
395 1307 532 1351 ageret.
573 1299 648 1339 Sed
671 1301 751 1348 jam
777 1300 937 1338 exhibeo
955 1299 1164 1350 pupillum,
1183 1310 1308 1349 neque

197 1354 385 1393 defendo:
417 1360 506 1391 sunt
525 1353 626 1391 enim
646 1352 797 1403 negotia
815 1360 852 1390 et
873 1353 991 1399 lenta,
1011 1359 1048 1390 et
1065 1351 1206 1391 inania.
1233 1351 1309 1390 Fa-

197 1408 296 1446 ciam
326 1414 453 1445 tamen
483 1406 572 1444 satis
588 1420 600 1451 ;
630 1406 701 1444 tibi
729 1405 899 1456 quidem,
926 1405 989 1444 cui
1023 1404 1213 1444 difficilius
1237 1412 1307 1453 est,

197 1474 316 1514 quam
335 1460 408 1512 ipsi
421 1476 432 1498 ι
461 1459 530 1498 sed
547 1466 646 1498 certe
659 1458 887 1497 satisfaciam
899 1458 1064 1509 utrique.

413 1622 528 1669 (19.)
559 1618 771 1660 CICERO
800 1617 1013 1660 ATTICO
1042 1620 1082 1659 S.

251 1727 512 1780 obsignaram
537 1728 620 1777 jam
654 1727 851 1778 epistolam
883 1739 982 1774 eam,
1013 1738 1130 1779 quam
1156 1733 1251 1779 puto
1268 1737 1307 1767 te

194 1783 311 1822 modo
332 1781 547 1833 perlegisse,
567 1780 746 1831 scriptam
763 1781 851 1818 mei
873 1792 1007 1827 manu,
1026 1781 1068 1818 in
1086 1778 1163 1831 quei
1179 1781 1308 1819 omnia

195 1836 448 1882 eontinentur,
469 1847 558 1872 cum
583 1834 708 1872 subito
727 1833 848 1885 Appii
875 1833 1093 1872 tabellarius
1119 1847 1154 1871 a.
1177 1833 1215 1872 d.
1239 1834 1306 1873 XI

196 1890 279 1928 Cal.
301 1888 439 1927 octob.
461 1887 622 1938 septimo
640 1886 929 1938 quadragesimo
953 1886 1014 1925 die
1032 1887 1161 1925 Roma
1178 1887 1307 1925 celeri-

195 1950 252 1981 ter
272 1941 360 1994 (hui
378 1948 460 1979 tam
476 1940 630 1991 longe!)
659 1940 755 1978 mihi
778 1947 863 1978 tuas
887 1939 1014 1977 literas
1041 1939 1226 1978 reddidit:
1257 1953 1306 1978 ex

195 1996 337 2048 quibus
363 2006 440 2032 non
457 1993 606 2040 dubito,
625 1993 720 2044 quin
744 2000 787 2031 tu
806 1992 1034 2044 Pompeium
1062 1992 1304 2044 exspectaris,

194 2050 292 2088 dum
309 2047 490 2086 Arimino
517 2046 667 2093 rediret,
697 2053 736 2085 et
761 2047 844 2096 jam
873 2045 914 2084 in
931 2046 1098 2097 Epirum
1116 2046 1307 2097 profectus

194 2103 269 2140 sis:
298 2100 497 2151 magisque
524 2112 665 2144 vereor,
686 2107 730 2138 ut
747 2098 891 2147 scribis,
910 2111 959 2138 ne
975 2098 1016 2138 in
1033 2098 1155 2151 Epiro
1167 2098 1305 2138 solliei-
