1513 2382
347 105 431 144 AD
457 103 742 144 ATTICUM.
773 104 874 143 Lm.
896 105 955 143 ΙΙ.
987 105 1024 149 7.
1178 107 1255 152 187

193 212 302 259 Quin
326 211 442 250 etiam
465 212 652 259 dubitem,
674 224 723 250 an
750 212 816 250 hic
841 223 889 249 an
909 211 1024 249 Antii
1043 213 1252 261 considam,

140 272 179 304 et
207 267 278 304 hoc
301 272 453 316 tempus
481 278 594 304 omne
618 277 866 310 consumam3
905 265 974 302 ubi
998 266 1154 317 quidem
1183 280 1253 317 ego

142 319 295 357 mallem
320 319 581 367 duumvirum,
609 332 727 370 quam
753 319 905 367 Romae,
929 331 993 356 me
1021 318 1149 357 fuisse.
1186 320 1252 357 Tu

142 385 229 410 vero
247 372 448 424 sapientior
465 372 648 410 Buthroti
673 372 832 410 domum
856 371 1010 423 parasti.
1049 372 1137 416 Sed,
1158 373 1256 411 mihi

142 425 263 472 crede,
301 426 477 477 proxima
509 433 564 464 est
592 426 650 463 illi
680 425 889 476 municipio
925 425 1006 463 haec
1034 426 1256 464 Antiatium

141 479 284 517 civitas.
322 480 416 517 Esse
448 480 575 518 locum
598 488 677 517 tam
700 492 817 530 prope
839 479 1022 524 Romam,
1045 479 1114 517 ubi
1141 480 1256 517 multi

143 532 232 580 sint,
253 533 321 584 qui
334 533 538 572 Vatinium
556 545 756 584 nunquam
771 532 932 570 viderint
943 533 961 569 ’Β
990 533 1058 570 ubi
1075 545 1188 571 nemo
1208 533 1257 571 sit

140 593 277 636 praeter
294 599 370 632 me,
400 586 469 637 qui
491 599 727 638 quemquam
752 599 799 624 ex
818 586 1042 636 vigintiviris
1068 587 1199 624 vivum
1218 595 1256 625 et

142 640 290 677 salvum
311 640 432 678 velit?
462 640 530 678 ubi
548 653 611 677 me
628 639 842 691 interpellet
855 652 983 689 nemo,
998 639 1159 690 diligant
1171 653 1255 678 om-

142 695 241 731 nes?
272 693 352 731 Hic
377 693 561 731 nimirum
586 700 838 738 πολιτευτεονς
868 705 959 730 nam
987 693 1071 732 istic
1097 706 1174 731 non
1194 706 1255 731 so-

142 746 226 783 lum
258 759 335 783 non
364 747 465 795 licet,
492 747 557 784 sed
590 745 704 784 etiam
727 746 864 791 taedet3
902 746 1032 798 itaque
1066 747 1256 791 ανεκδοτα,

142 813 229 850 quae
261 799 331 838 tibi
362 800 431 838 uni
458 801 644 851 legamus,
679 799 972 850 Theopompino
1004 813 1154 851 genere,
1189 806 1256 837 aut

143 853 257 890 etiam
277 853 461 904 asperiore
478 854 616 902 multo,
636 861 862 904 pangentur.
891 853 1031 904 Neque
1053 853 1158 890 aliud
1173 854 1256 902 jam

143 906 356 958 quidquam
387 913 637 954 πολιτευομαι,
657 906 730 943 nisi
758 906 879 944 odisse
909 907 1117 957 improbos,
1150 914 1187 944 et
1215 905 1255 943 id

143 961 270 1011 ipsum
300 961 407 998 nullo
430 973 517 998 cum
543 960 748 1008 stomacho,
770 960 835 998 sed
855 960 982 1011 potius
1011 973 1099 998 cum
1125 959 1256 1011 aliqua

142 1014 328 1052 scribendi
346 1014 550 1064 voluptate.

198 1067 274 1105 Sed
298 1075 342 1105 ut
372 1067 421 1105 ad
445 1080 540 1113 rem,
561 1067 690 1118 scripsi
715 1067 763 1104 ad
789 1074 992 1118 quaestores
1016 1069 1180 1105 urbanos
1208 1066 1255 1104 de

144 1121 282 1168 Quinti
311 1120 436 1158 fratris
466 1121 628 1171 negotio.
667 1120 782 1168 Vide,
813 1120 907 1171 quid
939 1128 1105 1168 narrent,
1137 1133 1256 1171 ecqua

143 1188 228 1225 spes
246 1175 293 1212 sit
311 1173 467 1221 denarii,
488 1186 537 1212 an
563 1174 775 1225 cistophoro
794 1174 1030 1225 Pompeiano
1045 1175 1253 1222 jaceamus.

143 1229 343 1275 Praeterea,
381 1227 428 1265 de
463 1240 588 1276 muro,
627 1236 764 1274 statue,
807 1227 901 1279 quid
937 1227 1154 1266 faciendum
1192 1227 1251 1265 sit.

141 1281 266 1320 Aliud
285 1281 408 1332 quid?
438 1281 564 1319 etiam.
605 1280 773 1328 Quando
792 1287 828 1319 te
853 1281 1037 1333 proficisci
1054 1280 1165 1320 istinc
1181 1293 1257 1332 pu-

144 1345 212 1385 tes,
226 1336 286 1374 fac
305 1343 349 1374 ut
367 1336 495 1374 sciam.

375 1524 461 1571 (7.)
492 1521 704 1563 CICERO
732 1522 953 1561 ATTICO
983 1523 1023 1562 S.

200 1651 263 1689 De
281 1650 510 1702 geographia
539 1650 653 1689 etiam
679 1657 793 1701 atque
814 1648 929 1687 etiam
948 1646 1254 1686 deliberabimus.

143 1704 349 1744 Orationes
376 1712 506 1742 autem
527 1717 590 1742 me
617 1704 712 1741 duas
741 1703 936 1755 postulas;
972 1714 1137 1752 quarum
1163 1701 1258 1739 alte-

145 1771 229 1796 ram
243 1771 320 1796 non
337 1758 480 1796 libebat
497 1758 594 1796 mihi
613 1757 786 1803 scribere,
806 1757 897 1808 quia
915 1754 1172 1800 abscideram;
1203 1755 1260 1791 al-

145 1820 280 1860 teram,
301 1824 349 1850 ne
367 1811 565 1850 laudarem
584 1824 687 1859 eum,
717 1823 833 1862 quem
857 1821 933 1847 non
960 1809 1149 1846 amabam.
1184 1807 1260 1847 Sed

145 1865 186 1903 id
204 1878 357 1917 quoque
375 1865 610 1903 videbimus:
641 1865 806 1916 denique
825 1861 970 1914 aliquid
992 1861 1181 1908 exstabit3
1209 1873 1260 1900 ne

145 1919 215 1958 tibi
233 1920 346 1970 plane
364 1919 524 1958 cessasse
542 1918 751 1957 videamur.

200 1973 264 2012 De
284 1973 424 2011 Publio
443 1986 530 2025 quae
548 1972 598 2010 ad
615 1985 678 2010 me
700 1971 844 2019 scribis,
865 1982 955 2008 sane
978 1969 1076 2007 mihi
1091 1968 1263 2019 jucunda

148 2034 263 2065 sunt:
294 2040 413 2078 eaque
442 2027 572 2075 etiam,
603 2026 729 2072 velim,
759 2024 938 2062 omnibus
963 2023 1127 2073 vestigiis
1154 2022 1264 2060 inda-

147 2088 250 2131 gata,
270 2080 319 2119 ad
337 2093 400 2119 me
417 2080 565 2126 afferas,
592 2092 680 2117 cum
700 2078 850 2123 venies;
880 2084 917 2116 et
941 2077 1084 2115 interea
1108 2075 1263 2125 scribas,

148 2134 180 2172 si
198 2134 291 2185 quid
309 2134 510 2185 intelliges,
530 2141 596 2171 aut
614 2132 849 2184 suspicabere
866 2146 876 2169 ε
907 2137 944 2169 et
957 2129 1125 2169 maxime
1144 2129 1192 2168 de
1209 2129 1265 2167 le-

148 2188 299 2237 gatione
325 2188 420 2239 quid
438 2188 487 2225 sit
509 2194 675 2225 acturus.
704 2185 914 2238 Equidem,
935 2192 1024 2223 ante
1043 2196 1162 2236 quam
1181 2190 1267 2220 tuas

147 2240 222 2291 legi
257 2241 398 2291 literas,
432 2241 627 2280 hominem
659 2241 713 2279 ire
745 2239 970 2292 cupiebam3
1000 2250 1077 2276 non
1103 2236 1270 2282 (meher-
