1513 2382
349 91 432 130 AD
461 91 759 132 DIVERSOS.
786 91 885 130 LIB.
916 91 1034 130 XIV.
1065 96 1102 129 5.
1230 95 1278 137 71

167 200 337 248 nullum,
356 199 430 237 nisi
448 199 552 251 quod
569 211 646 237 non
665 199 746 237 una
763 199 933 237 animam
948 212 1037 238 cum
1055 201 1288 239 ornamentis

169 253 380 292 amisimus.
410 254 500 301 Sed,
521 253 554 291 si
570 254 643 292 hoc
661 253 735 291 fuit
751 253 879 292 liberis
893 253 1029 291 nostris
1048 255 1207 304 gratius,
1219 267 1290 294 nos

172 307 322 353 vivere;
352 315 500 354 caetera‚
524 320 762 359 quamquam
787 307 942 345 ferenda
966 320 1043 345 non
1069 316 1171 354 sunt,
1191 308 1291 347 fera-

171 373 270 399 mus.
298 363 433 414 Atque
453 375 534 413 ego,
556 362 624 413 qui
648 369 686 400 te
704 361 900 409 eonfimio,
921 361 1002 412 ipse
1028 374 1090 399 me
1108 374 1184 400 non
1203 375 1291 414 pos·

174 427 277 453 sum.

228 469 410 508 Clodium
437 469 702 516 Philetaerum‚
728 469 832 520 quod
849 469 1067 508 valetudine
1089 470 1290 508 oculorum

172 522 465 574 impediebatur,
491 523 689 561 hominem
721 523 889 571 fidelem,
920 523 1059 562 remisi.
1088 524 1293 562 Sallustius

172 576 296 616 officio
311 578 426 616 vineit
444 590 587 615 omnes.
618 577 849 615 Pescennius
861 583 915 614 est
933 578 1206 628 perbenevolus
1223 590 1293 616 no-

172 629 257 676 bis;
287 645 403 683 quem
423 644 571 682 semper
590 643 699 682 spero
712 630 861 668 tuifore
880 633 1154 669 observantem.
1188 632 1295 671 Sicca

173 684 335 735 dixerat,
356 699 395 724 se
412 697 567 723 meeum
584 685 665 723 fore
681 699 692 722 ε
724 684 789 723 sed
806 685 1015 723 Brundisio
1034 685 1213 723 discessit.

230 739 348 787 Cura,
369 739 496 791 quoad
514 746 634 790 potes,
654 746 699 776 ut
717 739 843 776 valeas
858 753 867 775 :
890 746 926 776 et
941 739 992 777 sic
1008 739 1215 787 existimes,
1231 752 1294 778 me

175 793 436 831 vehementius
454 793 523 830 tua
536 792 689 830 miseria
703 805 822 843 quam
835 792 923 830 mea
937 793 1176 831 commoveri.
1201 794 1296 832 Mea

178 847 373 894 Terentia,
406 846 588 884 fidissima
613 853 728 897 atque
757 845 903 897 optima
920 846 1042 885 uxor!
1075 856 1111 885 et
1129 859 1215 885 mea
1233 860 1295 886 ca-

176 901 325 939 rissima
342 901 460 939 filiola
475 901 484 937 !
516 908 552 938 et
584 913 667 951 spes
696 899 845 951 reliqua
868 909 1010 948 nostra,
1040 900 1172 938 Cicero
1187 901 1197 938 ἔ
1228 914 1295 940 va-

177 955 265 994 lete.
293 955 422 993 Pridie
441 953 630 992 calendas
649 953 763 991 Maii.
794 953 1014 992 Brundisio.

182 1115 270 1166 (5.)
300 1113 361 1151 M.
376 1111 426 1150 T.
444 1110 491 1151 C.
515 1109 835 1202 TEngNg'IgE
864 1109 941 1148 ET
968 1108 1138 1147 TULL.
1172 1109 1299 1150 SUIS

234 1277 560 1327 (Argumentum.
574 1300 629 1306 —-
643 1273 828 1312 Redimm
862 1285 910 1310 ex
939 1271 1134 1323 provincia
1163 1272 1299 1311 Cilicis

180 1332 390 1383 significat:
411 1329 602 1368 Terentiae
620 1327 857 1378 diligentiam
876 1326 917 1364 in
932 1326 1129 1364 scribendo
1143 1326 1296 1365 laudat:

180 1400 270 1438 quae
287 1384 370 1423 fieri
388 1384 478 1422 velit
495 1383 542 1421 de
561 1381 746 1421 Preciana
764 1380 952 1428 auctione,
972 1378 1163 1429 mandat.)

238 1493 281 1533 Si
293 1500 338 1531 tu
356 1499 394 1531 et
411 1490 559 1537 Tullia,
574 1490 646 1527 lux
663 1496 805 1536 nostra,
817 1487 963 1535 valetis,
980 1499 1050 1538 ego
1068 1494 1105 1525 et
1124 1487 1300 1526 suavissi-

184 1561 273 1587 mus
292 1547 425 1585 Cicero
443 1546 628 1583 valemus.
657 1542 787 1582 Pridie
806 1541 900 1580 Idus
919 1541 1105 1580 Octobres
1123 1541 1300 1580 Athenas

183 1600 373 1648 venimus,
394 1611 483 1638 cum
502 1611 591 1637 sane
609 1596 772 1636 adversis
791 1595 913 1634 ventis
939 1595 998 1633 usi
1024 1607 1205 1641 essemus,
1225 1602 1303 1633 tar-

181 1656 309 1708 deque
322 1663 359 1693 et
368 1652 609 1692 incommode
620 1651 916 1702 navigassemus.
944 1648 1007 1686 De
1020 1660 1116 1687 nave
1128 1649 1302 1687 exeunti-

184 1711 259 1749 bus
277 1708 387 1746 nobis
404 1709 570 1746 Acastus
588 1718 677 1744 cum
696 1704 815 1743 literis
839 1710 977 1755 praesto
993 1701 1069 1741 fuit
1092 1714 1171 1740 uno
1189 1709 1227 1740 et
1244 1703 1302 1740 vi-

187 1764 326 1802 coeimo
340 1762 414 1809 die,
435 1773 525 1799 sane
542 1767 705 1798 strenue.
732 1757 879 1809 Accepi
896 1764 982 1795 tuas
999 1755 1140 1801 literas,
1160 1756 1303 1808 quibus

187 1816 374 1865 intellexi,
400 1822 439 1854 te
462 1814 596 1861 vereri,
615 1826 664 1851 ne
686 1812 895 1864 superiores
921 1810 1020 1849 mihi
1042 1809 1199 1848 redditae
1225 1822 1303 1848 non

188 1879 324 1910 essent.
359 1869 508 1909 Omnes
526 1875 615 1907 sunt
632 1866 812 1905 redditae:
842 1863 1206 1915 diligentissimeque
1224 1877 1248 1902 a
1265 1870 1305 1903 te

187 1924 395 1977 perscripta
413 1930 503 1962 sunt
520 1921 650 1960 omnia
661 1935 673 1958 :
703 1920 819 1971 idque
837 1917 1205 1969 mihigratissimum
1216 1917 1304 1956 fuit.

191 1980 331 2030 Neque
344 1990 432 2016 sum
450 1976 672 2021 admiratus,
692 1975 792 2012 hanc
809 1972 1022 2024 epistolam,
1043 1984 1161 2023 quam
1179 1974 1304 2010 Acas-

190 2040 254 2071 tus
272 2032 415 2079 attulit,
433 2032 590 2069 brevem
607 2028 747 2066 fuisse:
774 2028 856 2076 jam
884 2026 988 2063 enim
1008 2038 1073 2063 me
1090 2025 1220 2076 ipsum
1237 2038 1305 2064 ex-

192 2087 401 2138 spectabas,
418 2084 496 2122 sive
513 2096 582 2121 nos
600 2082 715 2133 ipsos,
736 2080 804 2132 qui
822 2079 978 2131 quidem
996 2091 1115 2131 quam
1132 2079 1306 2130 primum

191 2139 242 2178 ad
259 2151 325 2177 vos
342 2137 470 2177 venire
487 2136 664 2188 cupimus
680 2150 690 2173 z
722 2134 805 2182 etsi,
824 2133 866 2171 in
890 2146 1009 2185 quam
1027 2132 1305 2184 rempublicam

192 2192 406 2238 veniamus,
435 2191 619 2241 intelligo.
667 2187 841 2239 Cognovi
877 2187 979 2226 enim
1018 2199 1065 2226 ex
1094 2186 1306 2226 multorum
