1513 2382
289 78 371 116 AD
399 78 682 118 ATTICUM.
714 80 813 118 Lm.
836 80 910 119 lv.
941 81 1003 119 16.
1127 85 1206 122 259

99 193 177 223 tere
201 196 277 223 non
296 184 429 223 audeo.
469 185 677 236 Pompeius
699 186 841 233 fremit,
867 189 1051 239 queritur,
1073 191 1215 228 Scauro

101 237 250 276 studet:
280 237 361 287 sed,
393 245 522 276 utrum
561 240 699 287 fronte,
739 253 789 278 an
825 249 966 289 mente,
1005 241 1214 281 dubitatur.

104 294 221 342 Εξοχη
254 291 295 329 in
326 292 434 329 nullo
471 300 550 330 est=
595 293 756 344 pecunia
787 295 962 332 omnium
991 294 1217 346 dignitatem

101 352 288 396 exaequat.
317 344 485 383 Messala
497 346 679 397 languet;
709 359 787 386 non
806 361 884 399 quo
902 355 969 386 aut
986 349 1138 387 animus
1152 349 1219 388 de-

101 398 163 445 sit,
190 405 258 436 aut
287 398 424 437 amici:
455 399 521 437 sed
550 399 661 438 coitio
686 402 903 450 consulum,
927 409 964 440 et
994 402 1218 453 Pompeius,

100 453 252 490 obsunt.
279 452 342 490 Ea
360 452 526 500 comitia,
553 461 647 504 puto
664 453 758 499 fore,
779 463 823 493 ut
842 455 1041 493 ducantur.
1073 456 1218 494 Tribu-

101 504 192 543 nicii
209 505 400 543 candidati
414 507 596 555 jurarunt
618 520 656 545 se
678 509 833 547 arbitrio
853 508 1008 547 Catonis
1022 509 1218 560 petituros.

101 558 227 610 Apud
256 572 346 597 euru
372 559 444 598 Hs
477 560 672 612 quingena
700 561 980 612 deposuerunt;
1010 570 1067 609 ut,
1097 563 1164 614 qui
1197 577 1220 601 a

106 611 252 651 Catone
270 612 474 652 damnatus
499 621 607 661 esset,
627 615 668 652 id
691 615 878 666 perderet,
902 624 940 655 et
964 616 1221 668 competitori-

106 667 180 704 bus
199 665 438 704 tribueretur.

159 719 257 757 Haec
275 732 344 770 ego
362 720 484 771 pridie
502 721 726 770 scribebam,
746 737 862 774 quam
883 722 1035 762 comitia
1047 723 1128 762 fore
1145 736 1220 774 pu-

105 773 296 811 tabantur.
334 773 410 812 Sed
438 774 488 812 ad
523 782 560 813 te
584 775 624 814 V
644 777 831 815 Calendas
856 777 1032 823 Sextiles,
1063 777 1095 814 si
1122 777 1224 815 facta

106 834 231 875 erunt,
265 834 302 865 et
335 828 553 866 tabellarius
577 841 654 867 non
681 830 751 868 erit
779 831 981 882 profectus,
1011 838 1090 868 tota
1120 842 1224 868 com-

103 879 174 917 itia
198 880 451 931 perscribam:
483 895 569 933 quae
587 883 634 928 si,
664 891 708 921 ut
732 891 930 934 putantur,
957 883 1123 934 gratuita
1141 883 1224 921 fue-

106 933 210 978 rint;
240 933 328 984 plus
346 946 446 973 unus
459 935 554 974 Cato
572 937 751 988 potuerit,
772 950 891 989 quam
913 948 1046 975 omnes
1065 936 1223 988 quidem

106 986 267 1036 judices.

161 1040 328 1079 Messius
345 1040 617 1082 defendebatur
641 1058 664 1082 a
682 1045 806 1091 nobis,
827 1057 847 1082 e
866 1044 1054 1094 legatione
1072 1057 1224 1083 revoca-

106 1103 193 1132 tus:
234 1106 326 1132 nam
355 1108 444 1133 eum
477 1097 620 1135 Caesari
650 1098 797 1148 legarat
832 1097 1002 1149 Appius.
1041 1098 1223 1136 Servilius

106 1147 239 1195 edixit,
270 1155 315 1185 ut
338 1148 495 1187 adesset.
535 1150 679 1189 Tribus
707 1152 821 1189 habet
850 1151 1086 1199 Pomtinam‚
1114 1151 1224 1190 Veli-

108 1213 214 1248 nam,
234 1201 427 1240 Maeciam.
460 1204 662 1254 Pugnatur
681 1205 839 1243 acriter:
870 1204 996 1255 agitur
1016 1212 1143 1243 tamen
1164 1218 1224 1243 sa-

108 1254 168 1292 tis.
197 1254 348 1293 Deinde
365 1268 428 1294 me
456 1257 616 1308 expedio
641 1258 690 1296 ad
714 1258 904 1304 Drusum,
931 1257 1020 1296 inde
1038 1258 1087 1296 ad
1106 1260 1225 1297 Scau„

108 1321 208 1346 rum.
249 1309 439 1348 Parantur
456 1311 688 1350 orationibus
706 1311 848 1350 indices
867 1311 1031 1363 gloriosi.
1073 1312 1227 1350 Fortas-

111 1374 151 1400 se
169 1362 348 1400 accedent
375 1363 489 1401 etiam
519 1366 690 1404 consules
719 1365 934 1416 designati;
964 1365 1005 1402 in
1038 1365 1178 1416 quibus
1197 1366 1229 1405 si

112 1416 277 1455 Scaurus
294 1428 372 1454 non
390 1416 518 1466 fuerit,
538 1417 579 1455 in
594 1419 666 1457 hoc
680 1419 825 1468 judicio
845 1419 953 1457 valde
971 1419 1169 1458 laborabit.

161 1469 228 1507 Ex
258 1469 396 1517 Quinti
424 1470 549 1509 fratris
577 1472 709 1519 literis,
739 1472 906 1524 suspicor
928 1473 1011 1521 jam
1038 1485 1127 1510 eum
1146 1486 1226 1512 esse

110 1522 152 1560 in
179 1522 395 1561 Britannia.
425 1524 616 1576 Suspenso
644 1526 772 1564 animo
798 1534 986 1577 exspecto,
1007 1525 1101 1576 quid
1127 1535 1228 1577 agat.

113 1575 219 1615 Illud
244 1575 400 1627 quidem
422 1590 555 1616 sumus
579 1579 720 1630 adepti,
745 1579 848 1630 quod
871 1579 1004 1617 multis
1023 1586 1060 1616 et
1078 1580 1229 1630 magnis

112 1629 262 1667 indiciis
280 1643 484 1680 possumus
502 1631 687 1681 judicare,
713 1645 783 1671 nos
803 1632 945 1671 Caesari
963 1639 1001 1670 et
1019 1632 1230 1672 carissimos

115 1690 153 1722 et
166 1683 462 1732 jucundissimos
480 1698 571 1724 esse.

168 1736 415 1788 Dionysium,
435 1738 566 1787 velim,
590 1739 733 1777 salvere
753 1740 916 1789 jubeas3
947 1746 984 1777 et
1009 1752 1097 1778 eum
1123 1753 1231 1792 roges

116 1797 154 1829 et
170 1789 332 1838 hortere,
351 1798 396 1828 ut
413 1792 701 1844 quamprimum
721 1793 861 1841 veniat,
882 1800 927 1831 ut
943 1793 1061 1844 possit
1080 1793 1231 1834 Cicero-

116 1856 206 1883 nem
223 1856 370 1894 meum,
390 1852 505 1896 atque
523 1845 638 1885 etiam
656 1859 719 1884 me
741 1845 884 1898 ipsum,
905 1846 1066 1885 erudire.

336 2002 452 2055 (ιθ.)
483 2003 693 2044 menno
723 2004 942 2044 ATT1co
970 2007 1010 2045 s.

173 2113 480 2166 occupationum
499 2126 672 2152 mearum
684 2114 743 2152 vel
762 2113 834 2152 hoc
851 2113 1006 2165 signum
1026 2112 1110 2160 erit,
1131 2111 1234 2164 quod

119 2167 276 2218 epistola
293 2167 436 2208 librarii
463 2180 581 2206 manu
607 2174 673 2208 est.
704 2167 766 2206 De
789 2167 1035 2219 epistolarum
1054 2166 1232 2218 frequen·
