1513 2382
332 100 414 140 AD
444 99 744 141 DIVERSOS.
774 101 874 141 Lm.
906 100 1030 142 XIII.
1066 106 1126 150 17.
1245 109 1293 146 19

166 208 285 247 Posse
314 209 499 248 arbitror:
537 209 638 248 valet
669 209 848 260 ingenio:
888 210 1005 250 habet
1037 225 1180 252 usum:
1207 216 1292 264 jam

163 262 316 315 pridem
340 263 381 301 in
408 276 453 302 eo
481 275 620 314 genere
645 264 762 301 studii
788 264 1065 317 literarumque
1090 276 1260 307 versatur
1276 285 1289 308 ε

163 316 375 356 satisfacere
390 316 672 356 immortalitati
692 317 855 356 laudum
881 326 1038 358 tuarum
1063 321 1290 362 mirabiliter

165 378 283 422 cupit.

218 425 352 464 Habes
381 424 570 476 opinionis
602 438 699 464 meae
727 426 1016 466 testimonium:
1050 428 1116 467 sed
1144 436 1187 468 tu
1216 429 1289 469 hoc

163 476 314 517 facilius
331 480 469 527 multo,
486 492 555 530 pro
567 480 634 517 tua
654 479 838 530 singulari
849 481 1067 532 prudentia,
1084 483 1287 531 judicabis.

162 532 220 571 Et
251 541 394 581 tamen,
429 533 533 585 quod
554 546 797 584 negaveram,
825 536 1052 574 commendo
1082 536 1154 575 tibi
1179 551 1284 576 eum.

162 587 368 639 Quidquid
387 587 421 625 ei
446 588 759 636 commodaveris,
788 589 858 627 erit
876 589 917 627 id
935 591 1122 640 majorem
1140 591 1181 629 in
1198 604 1284 630 mo-

161 641 257 680 dum
275 648 443 693 gratum.
472 641 585 680 Vale.

219 805 236 854 (
254 803 336 852 17.)
366 802 429 841 M.
444 803 496 842 Τ.
514 801 561 843 C.
591 803 712 842 SER.
744 801 1014 843 SULPICIO
1045 804 1084 844 S.
1099 805 1145 843 P.
1159 802 1215 844 D.

213 911 537 961 (Argumentum.
558 934 612 940 -—-
632 911 816 949 Manium
847 911 1011 950 Curium
1034 913 1167 952 Servio
1189 914 1280 953 Sul-

156 965 270 1016 picio,
289 966 453 1004 Acha'iae
471 965 640 1017 praesidi,
661 965 937 1016 commendat.)

209 1072 372 1112 Manius
401 1073 557 1122 Curius,
581 1073 649 1125 qui
672 1073 798 1112 Patris
825 1073 1054 1124 negotiatur,
1079 1076 1214 1115 multis
1240 1085 1277 1116 et

154 1127 305 1178 magnis
334 1127 382 1165 de
411 1127 534 1166 causis
564 1141 587 1166 a
608 1140 672 1166 me
696 1127 881 1179 diligitur.
910 1128 1015 1165 Nam
1047 1136 1085 1167 et
1109 1131 1277 1169 amicitia

152 1188 332 1233 pervetus
353 1182 452 1220 mihi
471 1195 560 1220 cum
580 1195 624 1220 eo
646 1189 715 1229 est,
736 1189 780 1220 ut
805 1181 978 1233 primum
996 1183 1037 1220 in
1056 1183 1185 1222 forum
1210 1198 1276 1224 ve-

151 1236 224 1284 nit,
244 1235 445 1275 instituta:
477 1243 514 1274 et
533 1236 673 1284 Patris,
704 1249 794 1274 cum
817 1236 1018 1287 aliquoties
1043 1244 1168 1285 antea,
1189 1245 1276 1277 tum

149 1290 326 1342 proxime
349 1290 421 1328 hoc
438 1290 652 1328 miserrimo
676 1291 791 1338 bello,
812 1290 950 1328 domus
976 1291 1057 1340 ejus
1076 1299 1156 1330 tota
1177 1293 1276 1331 mihi

147 1344 298 1396 patuit3
328 1344 421 1397 qua,
439 1345 470 1383 si
494 1358 591 1396 opus
613 1345 760 1392 fuisset,
781 1352 862 1383 tam
882 1357 1002 1383 essem
1020 1358 1127 1393 usus,
1154 1360 1273 1398 quam

145 1398 248 1437 mea.
280 1399 507 1437 Maximum
532 1406 662 1437 autem
687 1399 785 1436 mihi
807 1399 1006 1437 vinculum
1038 1412 1127 1438 cum
1148 1414 1191 1438 eo
1217 1409 1273 1440 est

146 1453 259 1504 quasi
290 1453 485 1491 sanctioris
515 1453 718 1502 cujusdam
748 1452 1051 1501 necessitudinis,
1079 1454 1184 1505 quod
1217 1463 1273 1494 est

145 1507 270 1546 Attici
299 1507 420 1545 nostri
436 1507 769 1555 familiarissimus,
800 1520 968 1558 eumque
986 1520 1109 1545 unum
1132 1517 1270 1560 praeter

144 1568 297 1600 caeteros
321 1563 496 1600 observat
521 1574 564 1600 ac
590 1561 726 1613 diligit.
767 1561 899 1609 Quem
928 1561 960 1599 si
989 1568 1033 1599 tu
1059 1563 1143 1611 jam
1172 1563 1270 1602 forte

143 1615 329 1667 cognomi,
349 1623 445 1667 puto
462 1628 526 1654 me
540 1616 626 1663 hoc,
647 1615 751 1668 quod
768 1615 880 1663 facio,
900 1615 1023 1654 facere
1041 1616 1172 1655 serius.
1203 1617 1269 1656 Εὲ,

144 1677 202 1708 est
221 1669 324 1707 enim
342 1669 585 1708 humanitate
604 1677 641 1708 et
659 1668 911 1718 observantia,
928 1677 973 1708 ut
992 1683 1082 1708 eum
1101 1670 1172 1710 tibi
1182 1672 1267 1721 jam

140 1737 209 1776 per
226 1737 267 1762 se
284 1724 415 1776 ipsum
433 1724 745 1762 commendatum
764 1732 910 1776 putem.

195 1778 316 1827 Quod
339 1785 468 1816 tamen
499 1779 530 1817 si
554 1778 609 1817 ita
639 1786 706 1827 est,
738 1791 971 1830 magnopere
1003 1792 1026 1817 a
1055 1786 1093 1817 te
1122 1792 1266 1831 quaeso,

141 1839 187 1872 ut
204 1832 255 1871 ad
280 1845 366 1871 eam
394 1833 647 1881 voluntatem,
679 1833 712 1871 si
738 1846 857 1884 quam
875 1833 916 1870 in
941 1832 1055 1871 illum
1085 1842 1174 1873 ante
1196 1834 1266 1873 has

137 1898 244 1926 meas
272 1887 399 1926 literas
429 1887 636 1935 contulisti,
675 1900 794 1939 quam
827 1886 1024 1925 maximus
1057 1895 1143 1939 post
1174 1889 1264 1927 mea

138 1941 470 1981 commendatione
480 1941 660 1980 cumulus
673 1941 836 1980 accedat.
867 1941 933 1980 Sin
951 1948 1095 1990 autem,
1109 1949 1265 1995 propter

138 1995 408 2035 verecundiam
432 2009 557 2043 suam,
583 1995 714 2034 minus
744 2008 784 2033 se
805 1995 876 2034 tibi
894 1996 1048 2044 obtulit,
1069 2003 1137 2034 aut
1165 2009 1263 2035 non-

137 2049 235 2088 dum
254 2063 344 2088 eum
372 2050 462 2089 satis
486 2051 603 2089 habes
629 2050 840 2102 cognitum,
867 2058 934 2088 aut
952 2063 1040 2102 quae
1058 2063 1172 2089 causa
1190 2058 1259 2099 est,

137 2117 206 2144 cur
223 2103 378 2154 majoris
406 2103 745 2143 commendationis
771 2103 969 2155 indigeam
999 2105 1051 2142 sic
1074 2105 1146 2144 tibi
1168 2118 1260 2143 eum

138 2158 382 2207 commendo,
401 2166 447 2197 ut
463 2171 589 2210 neque
608 2159 754 2208 majore
773 2157 900 2197 studio
918 2171 1171 2211 quemquam,
1191 2171 1257 2198 ne-

138 2226 216 2265 que
241 2213 465 2263 justioribus
486 2212 534 2253 de
552 2212 690 2262 causis,
714 2212 982 2253 commendare
998 2213 1153 2266 possim.
1183 2212 1260 2252 Fa-
