1513 2382
224 111 278 151 92
417 108 500 148 AD
527 106 825 148 DIVERSOS.
853 106 954 146 1113.
983 107 1078 148 XV.
1107 109 1147 148 4.

227 217 414 257 altissimo
441 223 478 256 et
502 216 759 255 munitissimo
782 215 880 265 1000,
903 217 952 255 ab
978 216 1102 268 iisque
1116 216 1343 257 incoleretur

227 272 299 324 qui
316 284 365 310 ne
382 271 534 323 regibus
559 270 716 323 quidem
734 283 908 322 unquam
929 271 1167 322 paruissent3
1197 283 1286 310 cum
1305 278 1343 310 et

227 325 410 377 fugitivos
428 325 648 376 reciperent,
670 332 707 362 et
732 324 964 363 Parthorum
983 324 1190 363 adventum
1209 326 1345 364 acerri-

229 393 295 418 me
313 386 601 430 exspectarent;
631 378 680 417 ad
704 378 1022 417 existimationem
1049 379 1201 430 imperii
1230 379 1346 431 perti-

231 446 321 472 nere
346 433 548 471 arbitratus
574 445 673 480 sum,
695 433 941 483 comprimere
963 445 1094 470 eorum
1117 433 1344 480 audaciam3

231 500 310 538 quo
328 487 476 525 facilius
495 487 610 525 etiam
629 494 849 524 caeterorum
868 486 1001 536 animi,
1015 487 1083 538 qui
1093 487 1208 526 alieni
1226 495 1348 527 essent

229 543 281 579 ab
299 540 459 591 imperio
478 548 620 587 nostro,
639 540 916 590 frangerentur.

287 595 404 633 Vallo
434 602 471 632 et
495 593 596 632 foss&
621 593 874 632 circumdedi:
905 607 970 632 sex
989 594 1166 643 castellis,
1197 596 1346 636 castris-

230 661 309 700 que
326 648 520 695 maximis,
541 648 664 699 sepsi:
694 660 843 698 aggere,
856 647 990 697 vineis,
1003 649 1186 698 turribus,
1198 663 1348 702 oppug-

231 702 345 740 navi:
375 715 543 752 ususque
565 702 762 739 tormentis
790 701 938 749 multis,
968 702 1102 740 multis
1131 704 1347 755 sagittariis,

232 768 375 807 magno
392 756 521 794 labore
534 768 634 802 meo,
651 755 733 793 sine
750 755 833 793 ulla
843 756 1019 794 molestia
1037 764 1215 796 sumtuve
1233 758 1350 797 socio-

232 823 336 856 rum,
368 809 529 860 septimo
555 809 873 860 quinquagesimo
895 809 957 848 die
977 823 1060 848 rem
1089 811 1259 858 confeci3
1288 819 1347 861 ut,

232 863 412 901 omnibus
429 863 602 914 partibus
621 863 725 901 urbis
739 863 958 902 disturbatis
972 871 1039 902 aut
1056 864 1232 915 incensis,
1245 878 1350 905 oom-

232 917 335 969 pulsi
353 917 394 954 in
412 924 638 969 potestatem
655 929 784 955 meam
801 917 1051 968 pervenirent.

289 971 366 1009 His
398 978 505 1009 erant
533 970 687 1008 finitimi
716 971 799 1022 pari
825 971 960 1010 scelere
989 979 1027 1010 et
1051 971 1209 1012 audacia
1230 974 1353 1014 Tibae-

233 1025 341 1063 rani:
372 1026 420 1063 ab
438 1024 513 1071 his,
540 1024 765 1063 Pindenisso
789 1032 913 1076 capto,
933 1025 1081 1065 obsides
1105 1028 1255 1079 accepi:
1286 1041 1354 1068 ex-

233 1079 395 1117 ercitum
420 1078 462 1116 in
491 1078 651 1116 hiberna
667 1078 806 1117 dimisi.
836 1079 888 1126 Q.
907 1079 1064 1118 fratrem
1085 1082 1238 1132 negotio
1255 1096 1354 1134 prae-

232 1133 357 1184 posui,
378 1140 422 1170 ut
439 1132 480 1169 in
499 1132 605 1180 vicis,
625 1140 692 1170 aut
710 1132 829 1184 captis
846 1140 913 1171 aut
939 1134 1041 1172 male
1066 1135 1225 1186 pacatiS,
1246 1149 1354 1175 exer-

238 1186 337 1225 citus
355 1186 613 1224 collocaretur.

290 1241 332 1278 N
334 1252 422 1287 unc,
443 1239 573 1288 velim,
602 1239 672 1279 tibi
698 1239 749 1279 sic
771 1239 1012 1292 persuadeas,
1043 1240 1074 1279 si
1098 1241 1146 1280 de
1163 1241 1223 1282 his
1241 1245 1354 1284 rebus

235 1293 286 1333 ad
318 1301 492 1332 senatum
522 1294 685 1332 relatum
718 1294 780 1341 sit,
807 1307 870 1332 me
899 1294 1220 1345 existimaturum,
1249 1311 1355 1337 sum-

236 1360 344 1386 mam
361 1347 460 1385 mihi
476 1348 631 1386 laudem
659 1347 856 1394 tributam,
884 1348 916 1386 si
945 1355 987 1386 tu
1015 1349 1199 1389 honorem
1220 1363 1355 1391 meum

238 1399 424 1440 sententia
441 1401 509 1439 tua
527 1402 795 1452 comprobaris.
825 1401 963 1453 quue,
985 1403 1054 1440 etsi
1072 1404 1213 1443 talibus
1231 1405 1278 1444 de
1296 1420 1357 1445 re-

237 1457 311 1494 bus
341 1455 581 1506 gravissimos
605 1456 778 1494 homines
808 1463 845 1494 et
866 1468 998 1506 rogare
1025 1457 1144 1496 solere
1167 1466 1203 1497 et
1230 1461 1356 1512 rogari

237 1509 330 1556 scio,
351 1516 480 1547 tamen
510 1509 794 1547 admonendum
816 1509 942 1560 potius
962 1518 999 1548 te
1017 1523 1040 1548 a
1056 1523 1134 1559 me,
1156 1525 1274 1563 quam
1293 1527 1355 1552 ro-

238 1562 425 1614 gandum,
445 1570 551 1614 puto.
583 1563 649 1601 Tu
668 1576 706 1602 es
725 1563 827 1601 enim
844 1563 892 1611 is,
909 1564 977 1615 qui
989 1577 1053 1602 me
1067 1565 1142 1604 tuis
1161 1568 1357 1607 sententiis

239 1616 446 1668 saepissime
474 1616 645 1662 ornasti3
676 1617 744 1669 qui
770 1617 951 1665 oratione,
978 1618 1047 1669 qui
1074 1619 1355 1671 praedicatione,

239 1671 308 1722 qui
332 1670 492 1709 summis
521 1671 700 1709 laudibus
722 1671 763 1709 in
788 1679 935 1719 senatu,
961 1671 1003 1710 in
1022 1673 1278 1724 concionibus,
1307 1677 1358 1715 ad

239 1725 379 1763 coelum
398 1724 567 1764 extulisti
582 1738 595 1770 ς
625 1726 734 1775 cujus
752 1738 821 1776 ego
841 1738 988 1776 semper
1006 1733 1112 1765 tanta
1130 1740 1210 1766 esse
1224 1731 1359 1769 verbo-

240 1790 329 1816 rum
358 1779 527 1830 pondera
555 1779 702 1831 putavi,
733 1786 777 1817 ut
804 1792 881 1818 uno
907 1782 1020 1818 verbo
1047 1787 1128 1828 tuo,
1158 1794 1248 1821 cum
1269 1785 1358 1824 mea

238 1831 353 1870 laude
371 1833 587 1882 conjuncto,
603 1833 732 1871 omnia
755 1833 905 1885 assequi
919 1845 981 1871 me
995 1834 1206 1873 arbitrarer.

293 1885 355 1924 Te
372 1886 538 1937 denique
553 1886 728 1934 memini,
743 1899 832 1925 cum
851 1886 1003 1925 cuidam
1018 1887 1224 1928 clarissimo
1242 1898 1359 1944 atque

238 1939 386 1990 optimo
414 1940 495 1978 viro
521 1940 835 1991 supplicationem
859 1953 937 1979 non
961 1941 1191 1992 decerneres,
1217 1944 1355 1996 dicere,

240 1998 278 2031 te
296 1992 552 2042 decreturum,
572 1994 603 2032 si
621 1995 822 2033 referretur
838 1996 887 2034 ob
907 2008 968 2033 eas
985 2008 1043 2034 res
1061 2009 1158 2047 quas
1174 1998 1207 2036 is
1225 2002 1359 2039 consul

240 2045 282 2083 in
300 2047 408 2086 Urbe
426 2046 609 2097 gessisset.
640 2048 705 2086 Tu
723 2048 826 2087 idem
841 2048 939 2087 mihi
956 2050 1271 2100 supplicationem
1291 2054 1358 2093 de-

241 2099 390 2138 crevisti
408 2107 551 2152 togato,
565 2113 643 2140 non
663 2104 723 2145 (ut
741 2103 889 2151 multis)
905 2116 945 2142 re
957 2103 1111 2155 publica
1124 2106 1220 2144 bene
1236 2109 1358 2158 gesta,

243 2153 309 2192 sed
327 2157 389 2196 (ut
406 2154 570 2201 nemini)
597 2155 794 2207 republica
825 2157 1056 2196 conservata.
1085 2158 1219 2208 Mitto,
1253 2164 1358 2212 quod

242 2207 442 2259 invidiam,
461 2208 566 2261 quod
594 2209 776 2261 pericula,
796 2210 900 2263 quod
921 2223 1052 2250 omnen
1072 2225 1176 2253 meas
1194 2221 1357 2267 tempes-
