1513 2382
327 94 411 134 AD
440 94 724 134 ATTICUM.
755 96 856 134 [1113.
878 97 963 135 ΙΙΙ.
991 98 1051 135 15.
1104 99 1106 101 ’
1174 96 1254 141 227

130 198 234 251 prior
245 198 311 237 lex
327 210 398 237 nos
415 196 514 236 nihil
531 196 707 236 laedebat.
737 196 871 245 Quam
891 197 936 247 si,
951 205 995 237 ut
1013 206 1069 237 est
1082 198 1256 251 promul-

131 260 235 304 gata,
255 252 412 291 laudare
440 251 706 312 voluissemus,
727 259 809 298 aut,
830 259 875 289 ut
904 260 983 291 erat
1012 252 1256 304 negligenda,

131 307 351 358 negligere3
381 318 516 345 nocere
533 305 692 345 omnino
716 305 827 344 nobis
845 318 922 344 non
941 314 1019 357 pot
1016 307 1086 345 ,1155
1090 315 1138 345 et.
1177 306 1257 344 H1c

131 361 230 399 mihi
246 361 419 412 primum
441 372 518 399 non
537 360 653 398 modo
678 359 881 398 consilium
899 360 1035 409 defuit,
1056 360 1123 399 sed
1141 361 1257 399 etiam

131 415 268 459 obfuit.
291 414 409 463 Caeei,
423 415 522 458 caeci,
537 414 712 465 inquam,
725 414 911 462 fuimus,
900 427 941 452 m
953 429 976 453 v
979 415 1091 454 estitu
1102 423 1260 453 mutan-

133 469 234 518 do,
222 482 264 508 1n
281 470 428 522 populo
452 469 650 520 rogando:
680 468 799 520 quod,
829 469 904 507 nisi
921 469 1152 508 nominatim
1177 481 1260 506 me-

132 535 224 563 cum
251 524 315 576 agi
340 530 508 585 coeptum
541 532 650 571 esset,
670 522 752 561 fieri
769 523 1026 574 perniciosum
1050 523 1137 562 fuit.
1181 522 1258 562 Sed

132 591 251 630 pergo
268 578 486 630 praeterita:
517 583 784 616 verumtamen
812 579 862 616 ob
889 577 989 616 hanc
1007 591 1177 626 causam,
1198 584 1256 624 ut,

134 632 168 671 si
185 632 281 685 quid
299 639 450 685 agatur,
470 632 597 683 legem
615 631 774 680 illam,'
762 644 804 669 m
823 645 903 683 qua
920 632 1122 684 popularia
1134 631 1262 669 multa

134 697 241 735 sunt,
261 699 310 725 ne
327 686 504 739 tangatis.
534 686 684 724 Verum
704 693 760 724 est
773 686 951 735 stultum,
964 699 1028 725 me
1041 686 1261 738 praecipere,

136 741 233 792 quid
262 741 398 792 agatis,
429 748 497 779 aut
526 753 604 791 quo
631 739 771 778 modo:
803 739 954 778 utinam
983 740 1099 779 modo
1128 747 1265 791 agatur

138 795 312 847 aliquid!
345 795 395 833 In
419 807 496 846 quo
523 794 606 845 ipso
635 794 761 832 multa
790 795 982 833 occultant
1010 802 1088 833 tuae
1115 795 1263 839 literae3

138 850 264 896 credo,
284 861 334 887 ne
355 849 617 888 vehementius
632 847 891 899 desperatione
904 851 1115 900 perturber.
1156 847 1267 896 Quid

140 903 243 941 enim
262 903 367 942 vides
386 903 449 954 agi
472 916 595 965 posse,
617 910 684 941 aut
703 915 781 954 quo
798 902 938 942 modo.
930 905 947 931 9
977 904 1053 942 Per
1071 910 1267 941 senatum-

138 959 224 996 ne*9
253 964 312 996 ast
329 964 411 995 tute
436 957 616 1009 scripsisti
635 957 684 995 ad
700 969 779 1005 me,
807 956 1003 1008 quoddam
1029 964 1144 1009 caput
1170 956 1267 1007 legis

141 1011 350 1051 Clodium
339 1024 380 1050 in
392 1012 506 1050 curiae
518 1018 626 1063 poste
639 1011 781 1058 fixisse,
797 1023 846 1049 ne
868 1011 999 1050 referri
1016 1024 1112 1049 neve
1127 1010 1202 1049 dici
1220 1010 1269 1048 li-

141 1075 253 1105 ceret.
283 1065 375 1113 Quo
388 1065 525 1103 modo
515 1066 633 1127 lgitur
644 1064 843 1103 Domitius
855 1078 894 1103 se
907 1066 1007 1104 dixit
1018 1066 1266 1104 relaturum?

141 1133 220 1172 quo
238 1120 354 1158 modo
372 1127 517 1167 autem,
537 1119 597 1167 115,
619 1132 714 1171 quos
735 1126 777 1157 tu
792 1119 938 1168 scribis,
959 1127 996 1158 et
1015 1119 1063 1157 de
1082 1133 1122 1157 re
1141 1119 1269 1157 dicen-

141 1174 259 1223 tibus,
279 1182 330 1222 et,
343 1182 389 1212 ut
401 1174 618 1221 referretur,
632 1173 929 1225 postulantibus,
944 1174 1103 1212 Clodius
1116 1173 1234 1211 tacuit
1250 1174 1268 1211 ?

141 1228 220 1275 Ac,
245 1228 277 1267 si
294 1241 364 1279 per
381 1228 586 1280 populum,
606 1228 808 1279 poteritne,
828 1227 903 1265 nisi
930 1227 978 1266 de
1006 1228 1182 1266 omnium
1202 1227 1270 1265 tri-

142 1284 339 1321 bunorum
350 1282 474 1334 plebis
494 1281 681 1320 sententia
696 1284 713 1321 ?
743 1281 852 1329 Quid
871 1281 918 1320 de
935 1281 1046 1320 bonis
1064 1284 1081 1321 ?
1111 1281 1207 1333 quid
1225 1280 1274 1318 de

144 1336 285 1375 domo
275 1338 293 1365 9
321 1336 511 1388 poteritne
537 1335 711 1374 restitui.
701 1338 719 1363 9
749 1343 831 1383 aut,
861 1335 893 1375 si
911 1347 990 1374 non
1009 1336 1163 1388 poterit,
1185 1348 1274 1387 ego-

144 1398 228 1429 met
240 1403 319 1442 quo
337 1390 453 1429 modo
470 1390 630 1442 potero?

201 1445 300 1483 Haec
317 1444 392 1483 nisi
404 1444 508 1483 vides
528 1443 712 1496 expediri,
727 1456 848 1496 quam
864 1443 907 1482 in
925 1457 1034 1496 spem
1051 1457 1115 1482 me
1134 1445 1273 1482 vocas?

147 1499 209 1539 sin
225 1505 357 1537 autem
375 1498 457 1550 spei
474 1498 573 1536 nihil
592 1505 662 1548 est,
683 1512 772 1550 quae
797 1505 854 1536 est
880 1498 979 1536 1111111
997 1498 1102 1536 vita?
1134 1498 1275 1548 Itaque

147 1560 325 1605 exspecto
344 1553 629 1592 Thessalonicae
658 1560 742 1591 acta
772 1552 952 1591 Calendis
971 1552 1195 1599 Sextilibus,
1226 1564 1275 1589 ex

147 1607 290 1659 quibus
308 1613 490 1655 statuam,
510 1607 552 1645 in
570 1614 707 1646 tuosne
718 1619 828 1658 agros
843 1606 1079 1657 confugiam,
1092 1612 1137 1644 ut
1149 1618 1275 1656 neque

147 1661 300 1702 videam
317 1660 493 1699 homines
512 1674 608 1713 quos
636 1661 774 1709 nolim,
795 1668 833 1699 et
851 1667 889 1699 te
914 1664 979 1712 (ut
1004 1659 1152 1707 scribis)
1171 1659 1276 1698 vide-

149 1729 229 1764 am,
250 1722 289 1754 et
313 1713 472 1767 propius
499 1715 588 1764 sim,
608 1715 642 1754 si
660 1714 755 1767 quid
773 1720 911 1765 agatur
939 1713 1073 1766 (idque
1102 1713 1277 1752 intellexi

149 1783 240 1809 cum
251 1769 338 1818 tibi,
351 1775 438 1807 tum
450 1769 602 1817 Quinto
621 1769 746 1818 fratri,
765 1769 959 1820 placere);
979 1781 1030 1806 an
1049 1769 1186 1807 abeam
1198 1767 1278 1819 Cy„

148 1824 289 1864 zicum.

205 1878 340 1925 Nunc,
374 1877 582 1929 Pomponi,
607 1877 792 1930 quoniam
820 1875 920 1915 nihil
955 1875 1165 1928 impertlsti
1200 1882 1278 1914 tuae

148 1932 365 1994 prudentiae
393 1932 443 1970 ad
467 1933 632 1971 salutem
655 1944 799 1979 meam,
821 1929 925 1982 quod
950 1938 1018 1969 aut
1045 1930 1086 1968 in
1112 1943 1178 1969 me
1194 1930 1280 1982 ipso

150 1986 241 2025 satis
259 1999 338 2025 esse
356 1985 505 2025 consilii
525 1986 710 2033 decreras,
730 1993 799 2024 aut
816 1992 854 2024 te
872 1984 970 2023 nihil
987 1985 1077 2036 plus
1099 1984 1198 2022 mihi
1214 1984 1280 2023 de-

151 2042 256 2089 bere,
271 2053 391 2091 quam
405 2047 450 2078 ut
463 2048 601 2092 praesto
620 2052 744 2085 esses3
776 2039 1038 2090 quoniamque
1056 2051 1140 2090 ego,
1152 2037 1282 2090 prodi-

155 2100 234 2140 tus,
253 2093 447 2141 inductus,
463 2095 658 2144 conjectus
672 2093 712 2131 in
731 2093 922 2143 fraudem,
941 2092 1073 2131 omnia
1086 2105 1173 2130 mea
1183 2105 1282 2144 prae-

157 2147 255 2186 sidia
282 2148 461 2199 neglexi3
491 2155 612 2186 totam
640 2147 810 2196 Italiam,
842 2146 902 2196 [in
921 2148 1005 2198 me]
1040 2153 1203 2186 erectam
1229 2144 1280 2182 ad
