1513 2382
202 87 253 124 50
348 82 432 121 AD
461 81 757 122 DIVERSOS.
787 81 886 120 Lm.
916 79 1042 120 XIII.
1071 79 1136 118 62.

200 193 341 244 spicere
364 190 484 242 potui.
523 189 630 228 Eum
648 189 719 228 tibi
736 190 789 228 ita
813 187 1052 236 commendo,
1070 193 1115 225 ut
1138 185 1311 226 homines

200 246 298 297 grati
323 253 361 283 et
383 255 570 282 memores
601 246 698 282 bene
726 242 880 281 meritos
909 242 956 280 de
981 254 1021 279 se
1046 240 1311 280 commendare

202 301 353 338 debent.
397 297 624 347 Pergratum
642 297 739 334 mihi
756 296 900 343 feceris,
929 296 962 333 si
985 295 1051 333 ille
1067 294 1313 343 intellexerit,

203 367 256 401 se,
272 351 375 405 quod
393 363 462 402 pro
480 351 600 389 salute
618 352 706 389 meir
723 351 846 388 multa
863 349 1031 400 pericula
1048 347 1193 396 adierit,
1214 360 1314 400 saepe

202 408 328 445 hieme
346 404 498 443 summa
510 405 710 455 navigant,
731 417 800 456 pro
819 404 886 440 tua
901 415 990 453 erga
1007 414 1070 440 me
1087 402 1314 441 benevolen-

204 461 272 510 tia,
285 466 438 512 gratum
453 457 568 497 etiam
586 458 654 497 tibi
671 458 813 496 fecisse.
843 456 954 495 Vale.

265 620 379 675 (61.)
410 620 470 659 M.
486 619 536 658 T.
559 618 605 659 C.
636 618 681 656 P.
705 615 872 666 SILIO,
903 616 1106 656 PROPR.
1137 617 1177 656 S.
1192 617 1248 657 D.

263 731 582 782 (Argumentum.
594 751 649 759 -
660 725 914 764 Commendat
931 725 1117 763 Pinnium
1131 724 1328 777 Bithyniae

211 783 435 886 ἓέεέῑὲἒῖῃῐῗέ
450 783 490 820 in
510 778 695 832 exigenda
716 779 892 831 pecunia,
912 791 1031 832 quam
1055 779 1090 818 ei
1108 779 1325 819 Nioeensoe

270 943 363 982 Tito
383 943 522 981 Pinnio
540 940 832 979 famiJiarissime
850 952 913 978 me
930 952 1046 979 usum
1067 953 1159 990 esse,
1179 941 1272 980 scire
1289 947 1328 981 te

218 999 403 1036 arbitror:
435 996 538 1048 quod
564 995 720 1047 quidem
747 994 812 1032 ille
840 1000 1065 1033 testamento
1099 994 1325 1033 declaravit:

219 1051 287 1102 qui
305 1064 381 1098 me,
401 1063 491 1089 cum
515 1057 694 1096 ταῖσι-θη]θ
724 1054 809 1086 tum
834 1047 949 1086 etiam
977 1048 1187 1087 secundum
1209 1048 1331 1087 haere-

220 1105 322 1150 dem,
337 1103 553 1142 instituerit.
580 1103 680 1151 Ejus
697 1101 790 1148 filio,
802 1101 898 1139 mire
911 1101 1091 1150 studioso,
1112 1109 1149 1140 et
1167 1101 1329 1151 erudito,

219 1166 257 1196 et
284 1157 468 1204 modesto,
501 1155 702 1208 pecuniam
730 1155 946 1193 Nicaeensoe
967 1155 1150 1206 grandem
1176 1155 1330 1205 debent,

221 1211 272 1249 ad
300 1211 371 1249 HS
395 1210 580 1261 octogies:
611 1216 661 1256 et,
687 1215 732 1246 ut
757 1207 884 1255 audio,
913 1207 954 1245 in
980 1209 1113 1260 primis
1139 1209 1273 1248 volunt
1296 1209 1332 1248 ei

223 1265 377 1303 solvere.
415 1265 644 1314 Pergratum
668 1262 785 1313 igitur
802 1261 900 1298 mihi
917 1261 1047 1301 feceris
1066 1261 1237 1314 (quando
1253 1274 1331 1301 non

223 1317 338 1355 modo
364 1317 501 1368 reliqui
528 1324 684 1363 tutores,
715 1315 783 1366 qui
806 1315 944 1363 sciunt,
971 1317 1105 1367 quanti
1122 1329 1185 1354 me
1201 1315 1333 1364 facias,

225 1371 291 1409 sed
320 1371 435 1408 etiam
463 1384 558 1421 puer
589 1370 669 1420 ipse
695 1368 766 1406 sibi
797 1369 994 1419 persuasit,
1025 1376 1063 1408 te
1091 1369 1220 1408 omnia
1244 1369 1334 1408 m&

225 1424 339 1462 causa
363 1424 553 1462 facturum
576 1421 688 1471 esse),
709 1422 743 1460 si
760 1421 905 1461 dederis
930 1436 1098 1474 operam,
1121 1423 1248 1474 quoad
1266 1431 1334 1462 tua

227 1477 321 1515 fides
339 1477 578 1528 dignitasque
595 1476 774 1527 patietur,
793 1482 838 1512 ut
855 1489 973 1526 quam
986 1477 1157 1528 primum
1175 1476 1335 1529 pecunia

231 1530 371 1569 Pinnio
389 1530 556 1569 solvatur
575 1529 833 1568 Nicaeensium
851 1529 1018 1569 nomine.
1046 1530 1158 1569 Vale.

307 1690 421 1744 (62.)
452 1690 513 1729 M.
526 1688 575 1728 T.
590 1689 637 1730 C.
667 1688 713 1728 P.
735 1687 897 1734 SILIO,
928 1689 1129 1729 PROPR.
1159 1691 1199 1730 S.
1212 1691 1269 1730 D.

289 1798 613 1849 (Argumentum.
628 1796 756 1835 —De
772 1797 898 1836 Atilio
926 1798 1065 1850 gratias
1093 1797 1173 1850 agit
1186 1814 1197 1836 ε
1227 1811 1341 1837 suum

234 1852 390 1890 fratrem
409 1849 681 1900 commendat.)

289 1959 345 1996 Et
362 1957 403 1994 in
420 1958 535 1996 Atilii
547 1958 698 2009 negotio
715 1965 752 1996 te
771 1958 908 1997 amavi.
940 1957 1043 1996 Cum
1061 1958 1163 1996 enim
1181 1971 1262 1997 sero
1279 1971 1345 1997 ve-

237 2011 391 2058 nissem,
411 2018 539 2050 tamen
565 2012 768 2050 honestum
790 2012 956 2064 equitem
981 2012 1204 2050 Romanum
1230 2013 1347 2050 bene-

239 2065 325 2103 ficio
349 2072 416 2102 tuo
435 2065 662 2103 conservavi.
703 2065 758 2103 Et
788 2063 1040 2118 (mehercule)
1070 2078 1217 2117 semper
1235 2065 1288 2104 sic
1305 2065 1347 2103 in

241 2118 371 2156 animo
383 2117 516 2163 habui,
533 2126 570 2156 te
582 2119 622 2156 in
636 2131 722 2157 meo
741 2132 814 2157 aere
827 2131 908 2157 aese
924 2125 1077 2170 propter
1095 2119 1244 2157 Lamiae
1260 2130 1349 2158 nos-

244 2171 293 2209 tri
328 2171 631 2220 conjunctionem
676 2180 712 2211 et
750 2172 981 2224 singularem
1024 2171 1349 2212 necessitudinem.
