1513 2382
328 81 410 121 AD
438 82 724 121 ATTICUM.
755 81 855 121 Lm.
881 82 982 121 VII.
1009 82 1071 120 14.
1174 80 1263 118 351.

191 188 404 241 Reliquum
430 197 500 238 est,
527 197 586 234 ut..
610 197 647 228 et
665 190 760 242 quid
783 198 932 241 agatur,
953 189 1080 242 quoad
1097 187 1252 240 poteris,

137 243 326 294 explores,
347 243 565 295 scribasque
593 243 642 281 ad
659 257 737 291 me,
766 252 803 282 et
822 244 916 295 quid
934 244 1014 295 ipse
1039 241 1257 292 conjectura

137 308 364 348 assequare;
395 297 499 349 quod
524 297 639 335 etiam
665 311 688 336 a
715 305 752 336 te
770 297 892 347 magis
912 304 1114 348 exspecto:
1145 308 1252 343 nam,

136 356 220 387 acta
250 351 429 389 omnibus
458 351 738 399 nuntiantibus,
771 365 793 389 a
822 359 859 388 te
897 358 1072 401 exspecto
1108 349 1252 387 futura.

137 408 276 446 ertc
295 404 320 440 δ’
345 419 496 454 αριστος
572 405 815 456 Loquacitati
826 405 1010 455 ignosces,
1027 417 1114 455 quae
1139 410 1176 440 et
1189 415 1252 440 me

135 455 250 503 levat,
271 457 320 496 ad
338 465 376 496 te
395 457 552 509 quidem
573 460 814 506 scribentem,
829 466 866 496 et
885 458 985 496 elicit
1003 465 1088 495 tuas
1107 456 1250 494 literas.

188 510 376 562 AEnigma
394 512 616 563 Oppiorum
632 525 680 551 ex
698 513 813 551 Velia
827 512 941 563 plane
954 523 1032 549 non
1049 509 1222 548 intellexi
1239 523 1250 546 τ

132 569 188 601 ost
213 565 317 603 enim
340 578 501 604 numero
523 566 697 604 Platonis
723 565 931 604 obscurius.
960 565 989 603 J
992 578 1055 603 am
1083 562 1256 602 intellexi

133 623 258 655 tuum.
289 618 440 670 Oppios
469 620 570 658 enim
597 620 645 658 de
664 620 779 659 Velia
798 631 977 657 succones
1004 618 1110 656 dicis.
1141 617 1191 655 In
1210 629 1254 654 eo

133 672 289 710 aestuavi
314 672 409 710 diu:
441 686 519 725 quo
544 680 688 725 aperto,
712 674 859 724 reliqua
887 674 1084 724 patebant,
1104 677 1142 709 et
1163 682 1254 710 cum

134 723 327 764 Terentiae
347 726 500 764 summa
519 728 789 778 congruebant.

184 778 233 816 L.
255 779 445 818 Caesarem
465 780 544 818 vidi
563 781 776 818 Minturnis
791 794 826 818 a.
843 780 881 818 d.
902 780 1016 819 VIII
1030 780 1112 820 Cal.
1132 780 1249 818 Febr.

130 843 257 880 mane,
286 846 375 871 cum
400 834 680 872 absurdissimis
709 834 915 881 mandatis,
935 847 1012 872 non
1038 833 1251 881 hominem,

131 885 198 923 sed
217 899 347 937 scopas
375 888 545 926 solutas:
577 896 622 926 ut
649 888 690 926 id
714 888 844 939 ipsum
872 888 970 926 mihi
992 889 1057 926 ille
1082 887 1255 926 videatur

130 938 311 978 irridendi
330 941 443 979 causa
462 941 607 988 fecisse,
624 942 692 993 qui
710 942 826 979 tantis
845 941 892 980 de
910 944 1023 980 rebus
1040 942 1131 980 huic
1141 953 1255 978 man-

130 992 219 1031 data
243 993 415 1040 dederit3
446 995 519 1033 nisi
543 996 641 1033 forte
669 1008 747 1034 non
771 995 889 1042 dedit,
920 1004 956 1034 et
978 996 1055 1043 hic,
1082 1006 1255 1033 sermone

130 1046 260 1098 aliquo
279 1055 442 1099 arrepto,
467 1062 536 1100 pro
567 1049 758 1087 mandatis
783 1051 926 1087 abusus
945 1057 1011 1088 est.
1041 1049 1253 1095 Labienus,

130 1100 188 1138 vir
206 1102 294 1140 mea
313 1103 499 1140 sententia
517 1115 697 1153 magnus,
718 1102 924 1141 Theanum
943 1103 1047 1141 venit
1071 1116 1105 1140 a.
1127 1102 1164 1140 d.
1185 1102 1252 1139 IX

131 1153 342 1194 calendas:
372 1155 428 1194 ibi
441 1157 673 1207 Pompeium
691 1157 939 1208 consulesque
954 1156 1140 1195 convenit.
1170 1154 1254 1202 Qui

129 1220 252 1247 sermo
273 1209 411 1257 fuerit,
456 1217 493 1248 et
533 1211 628 1262 quid
662 1219 791 1249 actum
819 1211 881 1257 sit,
910 1212 1072 1250 scribam
1111 1209 1160 1247 ad
1199 1217 1252 1256 te,

128 1274 218 1300 cum
237 1271 383 1301 certum
402 1264 533 1302 sciam.
563 1264 774 1316 Pompeius
798 1266 845 1302 ab
874 1264 1035 1303 Theano
1061 1263 1251 1301 Larinum

128 1328 257 1406 &rsus
286 1317 477 1369 profectus
503 1325 559 1356 est
582 1331 616 1356 a.
640 1318 677 1356 d.
699 1318 812 1357 VIII
841 1317 925 1357 Cal.
955 1319 1018 1357 Eo
1032 1317 1094 1356 die
1111 1316 1253 1355 mansit

171 1370 302 1408 enafri.

180 1424 443 1476 Aliquantum
469 1426 590 1464 animi
608 1427 758 1466 videtur
783 1426 894 1466 nobis
921 1425 1091 1464 attulisse
1111 1424 1252 1463 Labie-

128 1489 213 1515 nus.
244 1478 320 1517 Sed
338 1492 408 1530 ego
425 1480 600 1518 nondum
618 1481 755 1529 habeo,
768 1481 874 1533 quod
892 1480 941 1518 ad
959 1487 997 1517 te
1016 1492 1064 1516 ex
1081 1479 1142 1516 his
1159 1478 1252 1516 loeis

128 1531 303 1570 scribam.
332 1532 414 1570 Ista
431 1535 556 1584 magis
575 1543 750 1586 exspecto
765 1550 775 1573 ε
807 1534 902 1586 quid
919 1533 1025 1571 illinc
1043 1532 1222 1570 afferatur
1236 1545 1252 1576 ;

128 1597 206 1635 quo
223 1593 335 1637 pacto
354 1586 401 1625 de
420 1587 593 1626 Labieno
622 1589 744 1633 ferat;
776 1588 868 1640 quid
888 1594 976 1638 agat
995 1586 1192 1624 Domitius
1210 1585 1252 1623 in

128 1638 288 1687 Malsis,
321 1640 451 1691 Iguvii
476 1640 682 1690 Thermus,
714 1643 760 1680 P.
790 1642 925 1680 Attius
949 1640 1134 1691 Cinguli3
1165 1652 1253 1690 quae

127 1692 176 1730 sit
205 1694 340 1744 populi
365 1694 503 1732 urbani
526 1695 728 1741 voluntas;
759 1710 845 1748 quae
867 1703 935 1733 tua
956 1695 1172 1743 conjectura
1201 1693 1250 1731 de

129 1748 242 1785 rebus
272 1747 439 1786 futuris:
468 1749 564 1793 haec,
595 1750 728 1798 velim,
757 1751 902 1797 crebro,
933 1756 971 1787 et
995 1747 1089 1799 quid
1114 1746 1184 1785 tibi
1202 1746 1251 1785 de

127 1800 352 1839 mulieribus
382 1803 520 1840 nostris
538 1802 699 1853 placeat,
721 1810 758 1841 et
786 1803 880 1854 quid
905 1809 1058 1840 acturus
1083 1801 1164 1852 ipse
1183 1801 1247 1848 sis,

127 1854 279 1892 scribas.
311 1855 352 1894 Si
382 1855 584 1894 scriberem
612 1856 707 1907 ipse,
735 1856 886 1907 longior
911 1855 1069 1907 epistola
1087 1854 1246 1900 fuisset;

127 1907 192 1945 sed
210 1907 350 1947 dictavi
368 1920 522 1960 propter
540 1910 827 1961 lippitudinem.

338 2015 459 2066 (14.)
490 2016 703 2056 CICERO
731 2017 953 2057 ATTICO
982 2017 1023 2056 S.

190 2121 245 2160 A.
264 2114 303 2161 d.
338 2124 403 2163 VI
431 2124 517 2165 Cal.
546 2125 659 2164 Febr.
686 2126 864 2178 Capuam
891 2125 1050 2164 Calibus
1078 2124 1248 2177 proficis-

128 2187 228 2225 cens,
249 2190 338 2216 cum
356 2179 488 2218 leviter
506 2179 700 2232 lippirem,
721 2180 790 2218 has
815 2179 943 2219 literas
961 2179 1061 2219 dedi.
1090 2180 1139 2218 L.
1164 2179 1251 2218 Cae-
