<?xml version="1.0" encoding="UTF-8"?>
<!DOCTYPE html PUBLIC "-//W3C//DTD XHTML 1.0 Transitional//EN"
    "http://www.w3.org/TR/xhtml1/DTD/xhtml1-transitional.dtd">
<html xmlns="http://www.w3.org/1999/xhtml" xml:lang="en" lang="en">
 <head>
  <title>
</title>
<meta http-equiv="Content-Type" content="text/html;charset=utf-8" />
  <meta name='ocr-system' content='tesseract 3.04.00' />
  <meta name='ocr-capabilities' content='ocr_page ocr_carea ocr_par ocr_line ocrx_word'/>
</head>
<body>
  <div class='ocr_page' id='page_1' title='image "./operaern10ciceuoft_0151.png"; bbox 0 0 1513 2382; ppageno 0'>
   <div class='ocr_carea' id='block_1_1' title="bbox 305 492 1048 543">
    <p class='ocr_par' dir='ltr' id='par_1_1' title="bbox 305 492 1048 543">
     <span class='ocr_line' id='line_1_1' title="bbox 305 492 1048 543; baseline 0.004 -5"><span class='ocrx_word' id='word_1_1' title='bbox 305 492 376 540; x_wconf 88' lang='lat' dir='ltr'>M.</span> <span class='ocrx_word' id='word_1_2' title='bbox 413 494 644 543; x_wconf 88' lang='lat' dir='ltr'>TULLII</span> <span class='ocrx_word' id='word_1_3' title='bbox 686 493 1006 543; x_wconf 72' lang='lat' dir='ltr'><strong>CICERONI</strong></span> <span class='ocrx_word' id='word_1_4' title='bbox 1017 493 1048 541; x_wconf 84' lang='lat' dir='ltr'>S</span> 
     </span>
    </p>
   </div>
   <div class='ocr_carea' id='block_1_2' title="bbox 386 634 963 686">
    <p class='ocr_par' dir='ltr' id='par_1_2' title="bbox 386 634 963 686">
     <span class='ocr_line' id='line_1_2' title="bbox 386 634 963 686; baseline -0.002 0"><span class='ocrx_word' id='word_1_5' title='bbox 386 634 963 686; x_wconf 84' lang='lat' dir='ltr'><strong>EPISTOLARUM</strong></span> 
     </span>
    </p>
   </div>
   <div class='ocr_carea' id='block_1_3' title="bbox 480 778 867 818">
    <p class='ocr_par' dir='ltr' id='par_1_3' title="bbox 480 778 867 818">
     <span class='ocr_line' id='line_1_3' title="bbox 480 778 867 818; baseline -0.005 0"><span class='ocrx_word' id='word_1_6' title='bbox 480 778 564 818; x_wconf 92' lang='lat' dir='ltr'>AD</span> <span class='ocrx_word' id='word_1_7' title='bbox 593 778 867 818; x_wconf 83' lang='lat' dir='ltr'>ATTICUM</span> 
     </span>
    </p>
   </div>
   <div class='ocr_carea' id='block_1_4' title="bbox 557 904 777 943">
    <p class='ocr_par' dir='ltr' id='par_1_4' title="bbox 557 904 777 943">
     <span class='ocr_line' id='line_1_4' title="bbox 557 904 777 943; baseline 0 0"><span class='ocrx_word' id='word_1_8' title='bbox 557 904 713 943; x_wconf 71' lang='lat' dir='ltr'><strong>LmER</strong></span> <span class='ocrx_word' id='word_1_9' title='bbox 742 905 777 943; x_wconf 94' lang='grc' dir='ltr'>Ι.</span> 
     </span>
    </p>
   </div>
   <div class='ocr_carea' id='block_1_5' title="bbox 593 1063 746 1094">
    <p class='ocr_par' dir='ltr' id='par_1_5' title="bbox 593 1063 746 1094">
     <span class='ocr_line' id='line_1_5' title="bbox 593 1063 746 1094; baseline 0 0"><span class='ocrx_word' id='word_1_10' title='bbox 593 1063 746 1094; x_wconf 49' lang='grc' dir='ltr'>-Φ-</span> 
     </span>
    </p>
   </div>
   <div class='ocr_carea' id='block_1_6' title="bbox 446 1200 896 1241">
    <p class='ocr_par' dir='ltr' id='par_1_6' title="bbox 446 1200 896 1241">
     <span class='ocr_line' id='line_1_6' title="bbox 446 1200 896 1241; baseline 0 -2"><span class='ocrx_word' id='word_1_11' title='bbox 446 1200 747 1241; x_wconf 77' lang='lat' dir='ltr'>ARGUMEN</span> <span class='ocrx_word' id='word_1_12' title='bbox 751 1200 896 1241; x_wconf 87' lang='lat' dir='ltr'><strong>TUM.</strong></span> 
     </span>
    </p>
   </div>
   <div class='ocr_carea' id='block_1_7' title="bbox 101 1309 1241 2233">
    <p class='ocr_par' dir='ltr' id='par_1_7' title="bbox 101 1309 1241 2233">
     <span class='ocr_line' id='line_1_7' title="bbox 105 1309 1239 1364; baseline 0 -16"><span class='ocrx_word' id='word_1_13' title='bbox 105 1310 248 1349; x_wconf 81' lang='lat' dir='ltr'>LIBRI</span> <span class='ocrx_word' id='word_1_14' title='bbox 266 1310 386 1360; x_wconf 89' lang='lat' dir='ltr'>hujus</span> <span class='ocrx_word' id='word_1_15' title='bbox 404 1310 577 1362; x_wconf 90' lang='lat' dir='ltr'>epistolae</span> <span class='ocrx_word' id='word_1_16' title='bbox 595 1312 739 1364; x_wconf 83' lang='lat' dir='ltr'>partim</span> <span class='ocrx_word' id='word_1_17' title='bbox 759 1318 848 1350; x_wconf 86' lang='lat' dir='ltr'>ante</span> <span class='ocrx_word' id='word_1_18' title='bbox 866 1310 1110 1349; x_wconf 83' lang='lat' dir='ltr'>consulatum</span> <span class='ocrx_word' id='word_1_19' title='bbox 1130 1309 1239 1349; x_wconf 84' lang='lat' dir='ltr'>Cice-</span> 
     </span>
     <span class='ocr_line' id='line_1_8' title="bbox 104 1364 1240 1417; baseline -0.001 -14"><span class='ocrx_word' id='word_1_20' title='bbox 104 1365 221 1413; x_wconf 82' lang='lat' dir='ltr'>ronis,</span> <span class='ocrx_word' id='word_1_21' title='bbox 241 1364 384 1417; x_wconf 86' lang='lat' dir='ltr'>partim</span> <span class='ocrx_word' id='word_1_22' title='bbox 402 1373 490 1416; x_wconf 88' lang='lat' dir='ltr'>post</span> <span class='ocrx_word' id='word_1_23' title='bbox 509 1367 768 1413; x_wconf 76' lang='lat' dir='ltr'>consulatum,</span> <span class='ocrx_word' id='word_1_24' title='bbox 796 1365 946 1417; x_wconf 86' lang='lat' dir='ltr'>scriptae</span> <span class='ocrx_word' id='word_1_25' title='bbox 972 1372 1074 1403; x_wconf 91' lang='lat' dir='ltr'>sunt.</span> <span class='ocrx_word' id='word_1_26' title='bbox 1114 1365 1156 1402; x_wconf 91' lang='lat' dir='ltr'>N</span> <span class='ocrx_word' id='word_1_27' title='bbox 1159 1377 1240 1409; x_wconf 73' lang='lat' dir='ltr'>am,</span> 
     </span>
     <span class='ocr_line' id='line_1_9' title="bbox 104 1419 1239 1472; baseline -0.002 -14"><span class='ocrx_word' id='word_1_28' title='bbox 104 1426 184 1458; x_wconf 84' lang='lat' dir='ltr'>toto</span> <span class='ocrx_word' id='word_1_29' title='bbox 203 1419 422 1458; x_wconf 69' lang='lat' dir='ltr'>consulatfls</span> <span class='ocrx_word' id='word_1_30' title='bbox 450 1419 555 1462; x_wconf 89' lang='lat' dir='ltr'>illius</span> <span class='ocrx_word' id='word_1_31' title='bbox 586 1428 774 1472; x_wconf 82' lang='lat' dir='ltr'>tempore,</span> <span class='ocrx_word' id='word_1_32' title='bbox 795 1420 953 1458; x_wconf 81' lang='lat' dir='ltr'>Atticus</span> <span class='ocrx_word' id='word_1_33' title='bbox 983 1419 1125 1458; x_wconf 87' lang='lat' dir='ltr'>Romae</span> <span class='ocrx_word' id='word_1_34' title='bbox 1146 1419 1239 1465; x_wconf 80' lang='lat' dir='ltr'>fuit,</span> 
     </span>
     <span class='ocr_line' id='line_1_10' title="bbox 103 1473 1241 1525; baseline -0.002 -13"><span class='ocrx_word' id='word_1_35' title='bbox 103 1473 282 1512; x_wconf 88' lang='lat' dir='ltr'>omnium</span> <span class='ocrx_word' id='word_1_36' title='bbox 305 1473 554 1512; x_wconf 80' lang='lat' dir='ltr'>consiliorum</span> <span class='ocrx_word' id='word_1_37' title='bbox 576 1482 614 1513; x_wconf 87' lang='lat' dir='ltr'>et</span> <span class='ocrx_word' id='word_1_38' title='bbox 632 1475 829 1514; x_wconf 86' lang='lat' dir='ltr'>actionum</span> <span class='ocrx_word' id='word_1_39' title='bbox 848 1475 932 1525; x_wconf 82' lang='lat' dir='ltr'>ejus</span> <span class='ocrx_word' id='word_1_40' title='bbox 959 1474 1142 1520; x_wconf 85' lang='lat' dir='ltr'>monitor,</span> <span class='ocrx_word' id='word_1_41' title='bbox 1172 1473 1241 1511; x_wconf 86' lang='lat' dir='ltr'>ad-</span> 
     </span>
     <span class='ocr_line' id='line_1_11' title="bbox 101 1527 1240 1580; baseline -0.001 -14"><span class='ocrx_word' id='word_1_42' title='bbox 101 1529 222 1578; x_wconf 84' lang='lat' dir='ltr'>jutor,</span> <span class='ocrx_word' id='word_1_43' title='bbox 253 1535 293 1567; x_wconf 89' lang='lat' dir='ltr'>et</span> <span class='ocrx_word' id='word_1_44' title='bbox 323 1527 561 1571; x_wconf 81' lang='lat' dir='ltr'><strong>administer.</strong></span> <span class='ocrx_word' id='word_1_45' title='bbox 597 1530 718 1568; x_wconf 87' lang='lat' dir='ltr'>Porro</span> <span class='ocrx_word' id='word_1_46' title='bbox 748 1529 842 1577; x_wconf 85' lang='lat' dir='ltr'>illae,</span> <span class='ocrx_word' id='word_1_47' title='bbox 876 1542 964 1580; x_wconf 85' lang='lat' dir='ltr'>quae</span> <span class='ocrx_word' id='word_1_48' title='bbox 996 1528 1240 1566; x_wconf 88' lang='lat' dir='ltr'>consulatum</span> 
     </span>
     <span class='ocr_line' id='line_1_12' title="bbox 105 1582 1241 1634; baseline 0 -14"><span class='ocrx_word' id='word_1_49' title='bbox 105 1582 352 1630; x_wconf 84' lang='lat' dir='ltr'>antecedunt,</span> <span class='ocrx_word' id='word_1_50' title='bbox 373 1596 462 1634; x_wconf 87' lang='lat' dir='ltr'>quae</span> <span class='ocrx_word' id='word_1_51' title='bbox 481 1591 571 1622; x_wconf 88' lang='lat' dir='ltr'>sunt</span> <span class='ocrx_word' id='word_1_52' title='bbox 589 1596 753 1622; x_wconf 81' lang='lat' dir='ltr'>numero</span> <span class='ocrx_word' id='word_1_53' title='bbox 775 1596 929 1629; x_wconf 75' lang='lat' dir='ltr'>novem,</span> <span class='ocrx_word' id='word_1_54' title='bbox 951 1582 1155 1625; x_wconf 85' lang='lat' dir='ltr'>(nimirum</span> <span class='ocrx_word' id='word_1_55' title='bbox 1174 1595 1241 1620; x_wconf 90' lang='lat' dir='ltr'>us-</span> 
     </span>
     <span class='ocr_line' id='line_1_13' title="bbox 104 1635 1240 1689; baseline -0.001 -15"><span class='ocrx_word' id='word_1_56' title='bbox 104 1649 182 1688; x_wconf 88' lang='lat' dir='ltr'>que</span> <span class='ocrx_word' id='word_1_57' title='bbox 199 1636 250 1674; x_wconf 83' lang='lat' dir='ltr'>ad</span> <span class='ocrx_word' id='word_1_58' title='bbox 269 1649 355 1675; x_wconf 86' lang='lat' dir='ltr'>eam</span> <span class='ocrx_word' id='word_1_59' title='bbox 381 1650 470 1689; x_wconf 85' lang='lat' dir='ltr'>quae</span> <span class='ocrx_word' id='word_1_60' title='bbox 487 1638 636 1689; x_wconf 84' lang='lat' dir='ltr'>incipit</span> <span class='ocrx_word' id='word_1_61' title='bbox 667 1641 696 1661; x_wconf 83' lang='grc'>“</span> <span class='ocrx_word' id='word_1_62' title='bbox 710 1638 872 1677; x_wconf 76' lang='lat' dir='ltr'>Teucris</span> <span class='ocrx_word' id='word_1_63' title='bbox 891 1635 1006 1686; x_wconf 82' lang='lat' dir='ltr'>ssla&#39;&#39;)</span> <span class='ocrx_word' id='word_1_64' title='bbox 1031 1636 1130 1674; x_wconf 83' lang='lat' dir='ltr'>nihil</span> <span class='ocrx_word' id='word_1_65' title='bbox 1149 1647 1240 1674; x_wconf 85' lang='lat' dir='ltr'>sane</span> 
     </span>
     <span class='ocr_line' id='line_1_14' title="bbox 105 1690 1238 1743; baseline -0.002 -14"><span class='ocrx_word' id='word_1_66' title='bbox 105 1690 318 1739; x_wconf 81' lang='lat' dir='ltr'>continent,</span> <span class='ocrx_word' id='word_1_67' title='bbox 350 1691 456 1743; x_wconf 88' lang='lat' dir='ltr'>quod</span> <span class='ocrx_word' id='word_1_68' title='bbox 480 1692 530 1730; x_wconf 83' lang='lat' dir='ltr'>ad</span> <span class='ocrx_word' id='word_1_69' title='bbox 554 1692 753 1732; x_wconf 82' lang='lat' dir='ltr'>historiam</span> <span class='ocrx_word' id='word_1_70' title='bbox 780 1704 1013 1743; x_wconf 86' lang='lat' dir='ltr'>magnopere</span> <span class='ocrx_word' id='word_1_71' title='bbox 1038 1690 1238 1741; x_wconf 82' lang='lat' dir='ltr'>pertineat.</span> 
     </span>
     <span class='ocr_line' id='line_1_15' title="bbox 105 1744 1239 1799; baseline -0.002 -16"><span class='ocrx_word' id='word_1_72' title='bbox 105 1745 394 1797; x_wconf 86' lang='lat' dir='ltr'>Consequentes</span> <span class='ocrx_word' id='word_1_73' title='bbox 405 1759 508 1793; x_wconf 79' lang='lat' dir='ltr'>vero,</span> <span class='ocrx_word' id='word_1_74' title='bbox 516 1760 640 1799; x_wconf 85' lang='lat' dir='ltr'>usque</span> <span class='ocrx_word' id='word_1_75' title='bbox 649 1747 698 1786; x_wconf 85' lang='lat' dir='ltr'>ad</span> <span class='ocrx_word' id='word_1_76' title='bbox 710 1746 910 1799; x_wconf 84' lang='lat' dir='ltr'>epistolam</span> <span class='ocrx_word' id='word_1_77' title='bbox 932 1749 960 1768; x_wconf 84' lang='grc'>“</span> <span class='ocrx_word' id='word_1_78' title='bbox 971 1746 1011 1783; x_wconf 77' lang='lat' dir='ltr'>N</span> <span class='ocrx_word' id='word_1_79' title='bbox 1013 1745 1084 1782; x_wconf 87' lang='lat' dir='ltr'>ihil</span> <span class='ocrx_word' id='word_1_80' title='bbox 1095 1744 1239 1792; x_wconf 82' lang='lat' dir='ltr'>mihi‚”</span> 
     </span>
     <span class='ocr_line' id='line_1_16' title="bbox 106 1798 1237 1850; baseline -0.003 -12"><span class='ocrx_word' id='word_1_81' title='bbox 106 1799 170 1838; x_wconf 87' lang='grc' dir='ltr'>Μ.</span> <span class='ocrx_word' id='word_1_82' title='bbox 190 1799 365 1838; x_wconf 84' lang='lat' dir='ltr'>Messala</span> <span class='ocrx_word' id='word_1_83' title='bbox 383 1807 421 1838; x_wconf 91' lang='lat' dir='ltr'>et</span> <span class='ocrx_word' id='word_1_84' title='bbox 439 1799 502 1838; x_wconf 92' lang='grc' dir='ltr'>Μ.</span> <span class='ocrx_word' id='word_1_85' title='bbox 520 1801 660 1840; x_wconf 86' lang='lat' dir='ltr'>Pisone</span> <span class='ocrx_word' id='word_1_86' title='bbox 675 1801 896 1840; x_wconf 84' lang='lat' dir='ltr'>consulibus</span> <span class='ocrx_word' id='word_1_87' title='bbox 915 1799 1028 1847; x_wconf 83' lang='lat' dir='ltr'>datae,</span> <span class='ocrx_word' id='word_1_88' title='bbox 1048 1798 1237 1850; x_wconf 77' lang='lat' dir='ltr'>primum,</span> 
     </span>
     <span class='ocr_line' id='line_1_17' title="bbox 104 1853 1238 1904; baseline -0.001 -13"><span class='ocrx_word' id='word_1_89' title='bbox 104 1866 188 1892; x_wconf 90' lang='lat' dir='ltr'>rem</span> <span class='ocrx_word' id='word_1_90' title='bbox 214 1853 342 1892; x_wconf 89' lang='lat' dir='ltr'>Clodii</span> <span class='ocrx_word' id='word_1_91' title='bbox 359 1862 532 1904; x_wconf 83' lang='lat' dir='ltr'>narrant,</span> <span class='ocrx_word' id='word_1_92' title='bbox 551 1863 596 1894; x_wconf 86' lang='lat' dir='ltr'>ut</span> <span class='ocrx_word' id='word_1_93' title='bbox 615 1856 722 1894; x_wconf 88' lang='lat' dir='ltr'>domi</span> <span class='ocrx_word' id='word_1_94' title='bbox 741 1856 786 1895; x_wconf 90' lang='lat' dir='ltr'>C.</span> <span class='ocrx_word' id='word_1_95' title='bbox 808 1854 970 1894; x_wconf 81' lang='lat' dir='ltr'>Caesaris</span> <span class='ocrx_word' id='word_1_96' title='bbox 989 1866 1079 1891; x_wconf 88' lang='lat' dir='ltr'>cum</span> <span class='ocrx_word' id='word_1_97' title='bbox 1098 1853 1238 1891; x_wconf 80' lang='lat' dir='ltr'>vestitu</span> 
     </span>
     <span class='ocr_line' id='line_1_18' title="bbox 103 1907 1236 1961; baseline -0.002 -15"><span class='ocrx_word' id='word_1_98' title='bbox 103 1908 286 1947; x_wconf 88' lang='lat' dir='ltr'>muliebri</span> <span class='ocrx_word' id='word_1_99' title='bbox 304 1908 564 1961; x_wconf 88' lang='lat' dir='ltr'>deprehensus</span> <span class='ocrx_word' id='word_1_100' title='bbox 581 1910 712 1958; x_wconf 80' lang='lat' dir='ltr'>fuerit,</span> <span class='ocrx_word' id='word_1_101' title='bbox 734 1922 823 1948; x_wconf 86' lang='lat' dir='ltr'>cum</span> <span class='ocrx_word' id='word_1_102' title='bbox 843 1921 912 1961; x_wconf 89' lang='lat' dir='ltr'>pro</span> <span class='ocrx_word' id='word_1_103' title='bbox 931 1908 1078 1960; x_wconf 86' lang='lat' dir='ltr'>populo</span> <span class='ocrx_word' id='word_1_104' title='bbox 1100 1907 1236 1944; x_wconf 87' lang='lat' dir='ltr'>fieret·</span> 
     </span>
     <span class='ocr_line' id='line_1_19' title="bbox 107 1961 1240 2016; baseline -0.002 -16"><span class='ocrx_word' id='word_1_105' title='bbox 107 1968 311 2015; x_wconf 79' lang='lat' dir='ltr'>totumque</span> <span class='ocrx_word' id='word_1_106' title='bbox 328 1963 377 2002; x_wconf 84' lang='lat' dir='ltr'>de</span> <span class='ocrx_word' id='word_1_107' title='bbox 394 1977 436 2002; x_wconf 90' lang='lat' dir='ltr'>re</span> <span class='ocrx_word' id='word_1_108' title='bbox 454 1963 523 2002; x_wconf 58' lang='lat' dir='ltr'>ina</span> <span class='ocrx_word' id='word_1_109' title='bbox 537 1964 746 2014; x_wconf 78' lang='lat' dir='ltr'>judicium,</span> <span class='ocrx_word' id='word_1_110' title='bbox 767 1977 859 2016; x_wconf 87' lang='lat' dir='ltr'>quo</span> <span class='ocrx_word' id='word_1_111' title='bbox 881 1975 958 2001; x_wconf 92' lang='lat' dir='ltr'>non</span> <span class='ocrx_word' id='word_1_112' title='bbox 972 1961 1088 2000; x_wconf 81' lang='lat' dir='ltr'>modo</span> <span class='ocrx_word' id='word_1_113' title='bbox 1100 1969 1240 2013; x_wconf 82' lang='lat' dir='ltr'>praeter</span> 
     </span>
     <span class='ocr_line' id='line_1_20' title="bbox 105 2015 1239 2070; baseline -0.003 -15"><span class='ocrx_word' id='word_1_114' title='bbox 105 2016 165 2055; x_wconf 88' lang='lat' dir='ltr'>fas</span> <span class='ocrx_word' id='word_1_115' title='bbox 183 2024 221 2056; x_wconf 84' lang='lat' dir='ltr'>et</span> <span class='ocrx_word' id='word_1_116' title='bbox 240 2029 413 2070; x_wconf 85' lang='lat' dir='ltr'>aequum,</span> <span class='ocrx_word' id='word_1_117' title='bbox 444 2019 512 2057; x_wconf 83' lang='lat' dir='ltr'>sed</span> <span class='ocrx_word' id='word_1_118' title='bbox 536 2019 653 2057; x_wconf 84' lang='lat' dir='ltr'>etiam</span> <span class='ocrx_word' id='word_1_119' title='bbox 672 2026 810 2070; x_wconf 83' lang='lat' dir='ltr'>praeter</span> <span class='ocrx_word' id='word_1_120' title='bbox 832 2017 1011 2056; x_wconf 86' lang='lat' dir='ltr'>omnium</span> <span class='ocrx_word' id='word_1_121' title='bbox 1032 2015 1239 2055; x_wconf 85' lang='lat' dir='ltr'>hominum</span> 
     </span>
     <span class='ocr_line' id='line_1_21' title="bbox 106 2071 1240 2123; baseline -0.003 -14"><span class='ocrx_word' id='word_1_122' title='bbox 106 2071 343 2122; x_wconf 85' lang='lat' dir='ltr'>opinionem,</span> <span class='ocrx_word' id='word_1_123' title='bbox 374 2074 575 2112; x_wconf 84' lang='lat' dir='ltr'>absolutus</span> <span class='ocrx_word' id='word_1_124' title='bbox 607 2073 710 2111; x_wconf 81' lang='lat' dir='ltr'>fuit:</span> <span class='ocrx_word' id='word_1_125' title='bbox 752 2072 904 2120; x_wconf 78' lang='lat' dir='ltr'>deinde,</span> <span class='ocrx_word' id='word_1_126' title='bbox 936 2083 1054 2123; x_wconf 84' lang='lat' dir='ltr'>quam</span> <span class='ocrx_word' id='word_1_127' title='bbox 1084 2076 1240 2108; x_wconf 86' lang='lat' dir='ltr'>mortuo</span> 
     </span>
     <span class='ocr_line' id='line_1_22' title="bbox 108 2124 1241 2179; baseline -0.002 -17"><span class='ocrx_word' id='word_1_128' title='bbox 108 2126 248 2176; x_wconf 86' lang='lat' dir='ltr'>plausu</span> <span class='ocrx_word' id='word_1_129' title='bbox 276 2128 445 2179; x_wconf 86' lang='lat' dir='ltr'>populus</span> <span class='ocrx_word' id='word_1_130' title='bbox 478 2128 683 2165; x_wconf 78' lang='lat' dir='ltr'>Romanus</span> <span class='ocrx_word' id='word_1_131' title='bbox 716 2127 950 2179; x_wconf 86' lang='lat' dir='ltr'>Pompeium</span> <span class='ocrx_word' id='word_1_132' title='bbox 982 2124 1187 2177; x_wconf 78' lang='lat' dir='ltr'>exceperit,</span> <span class='ocrx_word' id='word_1_133' title='bbox 1219 2137 1241 2161; x_wconf 85' lang='lat' dir='ltr'>e</span> 
     </span>
     <span class='ocr_line' id='line_1_23' title="bbox 108 2179 1234 2233; baseline -0.002 -16"><span class='ocrx_word' id='word_1_134' title='bbox 108 2180 228 2218; x_wconf 91' lang='lat' dir='ltr'>nobili</span> <span class='ocrx_word' id='word_1_135' title='bbox 268 2181 340 2219; x_wconf 84' lang='lat' dir='ltr'>illa</span> <span class='ocrx_word' id='word_1_136' title='bbox 369 2181 543 2220; x_wconf 60' lang='lat' dir='ltr'>Asiatica</span> <span class='ocrx_word' id='word_1_137' title='bbox 577 2181 819 2233; x_wconf 69' lang='lat' dir='ltr'>expeditione</span> <span class='ocrx_word' id='word_1_138' title='bbox 860 2193 1068 2219; x_wconf 79' lang='lat' dir='ltr'>reversum.</span> <span class='ocrx_word' id='word_1_139' title='bbox 1111 2179 1234 2223; x_wconf 77' lang='lat' dir='ltr'>Nam,</span> 
     </span>
    </p>
   </div>
   <div class='ocr_carea' id='block_1_8' title="bbox 109 2231 1239 2329">
    <p class='ocr_par' dir='ltr' id='par_1_8' title="bbox 109 2231 1239 2327">
     <span class='ocr_line' id='line_1_24' title="bbox 109 2231 1239 2284; baseline -0.003 -12"><span class='ocrx_word' id='word_1_140' title='bbox 109 2246 199 2273; x_wconf 79' lang='lat' dir='ltr'>clun</span> <span class='ocrx_word' id='word_1_141' title='bbox 218 2235 364 2275; x_wconf 84' lang='lat' dir='ltr'>nobiles</span> <span class='ocrx_word' id='word_1_142' title='bbox 383 2236 572 2284; x_wconf 83' lang='lat' dir='ltr'>homines,</span> <span class='ocrx_word' id='word_1_143' title='bbox 602 2236 643 2275; x_wconf 90' lang='lat' dir='ltr'>in</span> <span class='ocrx_word' id='word_1_144' title='bbox 661 2236 707 2276; x_wconf 86' lang='lat' dir='ltr'>iis</span> <span class='ocrx_word' id='word_1_145' title='bbox 727 2237 775 2277; x_wconf 72' lang='lat' dir='ltr'>L.</span> <span class='ocrx_word' id='word_1_146' title='bbox 797 2236 1013 2276; x_wconf 79' lang='lat' dir='ltr'>Lucullum</span> <span class='ocrx_word' id='word_1_147' title='bbox 1044 2247 1132 2273; x_wconf 88' lang='lat' dir='ltr'>cum</span> <span class='ocrx_word' id='word_1_148' title='bbox 1160 2231 1239 2284; x_wconf 87' lang='lat' dir='ltr'>pri-</span> 
     </span>
     <span class='ocr_line' id='line_1_25' title="bbox 884 2290 962 2329; baseline 0 -2"><span class='ocrx_word' id='word_1_149' title='bbox 884 2302 914 2329; x_wconf 98' lang='lat' dir='ltr'>N</span> <span class='ocrx_word' id='word_1_150' title='bbox 937 2290 962 2327; x_wconf 83' lang='lat'><strong>3</strong></span> 
     </span>
    </p>
   </div>
  </div>
 </body>
</html>
