1513 2382
316 97 400 137 AD
427 97 724 139 DIVERSOS.
755 99 857 138 11113.
880 100 1009 139 XIII.
1031 101 1096 139 63.
1215 105 1263 142 51

157 206 295 257 Itaque
313 205 484 256 primum
502 207 572 245 tibi
591 220 664 258 ago
682 207 836 258 gratias,
855 208 959 259 quod
984 221 1048 246 me
1066 209 1173 247 omni
1190 222 1274 249 mo-

155 260 267 298 165113
300 260 460 298 liberas.
501 260 636 299 deinde
665 261 914 322 impudentia.
942 275 1174 314 prosequor.
1206 264 1273 302 sed

157 313 261 351 idem
285 313 455 352 sarciam.
483 314 544 352 Te
576 315 679 352 enim
710 328 858 366 semper
887 315 939 354 sic
967 317 1090 354 colam
1120 328 1157 355 et
1190 325 1274 355 tue-

155 368 240 415 bor,
285 375 330 405 ut
368 381 484 419 quem
527 368 826 419 diligentissime.
885 369 1080 417 Quintum
1116 369 1273 409 fratrem

155 433 302 467 meum,
324 420 355 459 si
372 434 434 459 me
452 421 593 473 diligis,
614 435 657 460 eo
675 435 835 461 numero
849 436 941 461 cura
958 431 1003 461 ut
1020 423 1175 472 habeas,
1193 438 1271 476 quo

157 486 233 512 me.
272 476 333 513 Ita
350 488 536 525 magnum
556 475 783 515 beneficium
813 484 925 515 tuum
950 489 1092 529 magno
1117 453 1274 516 cuinulo

154 529 316 568 auxeris.
345 528 456 567 Vale.

183 689 304 742 (63.)
330 690 391 730 M.
404 691 454 730 T.
476 690 522 731 C.
552 691 600 731 P.
626 691 793 741 SILIO,
825 691 1025 731 PROPR.
1058 693 1097 732 S.
1115 691 1162 731 Ρ.
1175 692 1231 731 Ι).

209 801 530 892 (azir-gamatum.
543 826 597 834 —
609 800 654 839 C.
676 801 856 839 Laenium
868 801 1158 853 diligentissime
1170 813 1275 840 com-

163 864 253 892 men
281 861 350 902 31.)

216 961 310 1000 Non
337 963 470 1013 putavi
495 963 576 1001 fieri
602 975 724 1014 posse,
750 970 795 1001 ut
822 962 920 1001 mihi
947 963 1062 1001 verba
1080 962 1276 1000 deessent:

161 1015 228 1053 sed
246 1022 388 1063 tamen,
408 1016 448 1054 in
468 1017 512 1055 C.
530 1017 663 1055 Laeriio
682 1016 998 1064 commendando,
1020 1017 1168 1054 desunt.
1199 1016 1280 1054 Ita-

164 1081 240 1120 que
257 1081 338 1107 rem
357 1045 428 1108 tibi
452 1083 641 1131 exponam
668 1071 801 1121 paucis
828 1071 965 1118 verbis,
987 1070 1052 1108 sed
1069 1077 1213 1117 tamen,
1232 1077 1278 1107 ut

163 1122 278 1173 plane
304 1123 513 1174 perspicere
534 1124 652 1175 possis
671 1124 907 1161 voluntatem
932 1136 1071 1161 meam.
1112 1123 1282 1161 Incredi-

163 1175 241 1214 bile
260 1184 327 1225 est,
349 1178 483 1228 quanti
503 1177 688 1216 faciamus
707 1185 744 1215 et
763 1190 847 1228 ego,
869 1185 906 1215 et
924 1176 1039 1216 frater
1066 1189 1191 1225 meus,
1212 1176 1281 1228 qui

165 1229 262 1267 mihi
281 1231 494 1270 (3311551111115
513 1239 582 1275 651,
603 1231 665 1269 Μ.
686 1231 878 1271 Laenium.
909 1231 958 1268 Id
977 1230 1035 1279 fit,
1055 1243 1144 1269 cum
1159 1230 1281 1282 pluri-

165 1283 240 1322 11115
263 1285 345 1334 ejus
363 1284 509 1333 officiis,
534 1292 619 1323 tum
646 1297 800 1323 summa
817 1284 1005 1345 probitate
1035 1292 1072 1322 et
1094 1284 1280 1335 singulari

164 1337 359 1376 modestia.
403 1339 510 1376 Eum
535 1351 604 1389 ego
623 1352 646 1376 a
662 1351 726 1376 me
750 1338 1001 1376 invitissimus
1024 1337 1166 1385 dimisi,
1190 1350 1280 1376 cum

162 1399 316 1443 propter
344 1392 640 1430 familiaritatem
670 1398 709 1429 et
737 1391 1019 1430 consuetudinis
1038 1391 1279 1439 suauitatem,

164 1452 250 1483 tum
264 1445 368 1497 quod
386 1446 540 1484 consilio
559 1447 640 1496 ejus
657 1445 762 1484 fideli
779 1458 822 1483 ac
838 1447 940 1484 bono
953 1445 1115 1483 libenter
1133 1447 1280 1483 utebar.

166 1498 242 1537 Sed
269 1512 410 1548 vereor,
430 1511 479 1538 ne
492 1501 577 1550 jam
593 1499 692 1537 mihi
710 1511 903 1550 511116ῐο556
920 1500 1035 1537 verba
1052 1505 1178 1550 1111105,
1195 1513 1282 1560 (111ω

164 1551 336 1590 dixeram
358 1552 548 1592 defutura.
588 1552 828 1591 Commendo
854 1552 925 1591 tibi
952 1553 1282 1601 1106116616,516111

165 1605 359 1657 1616111815,
386 1619 463 1655 me,
493 1607 540 1646 de
572 1620 649 1658 quo
677 1620 721 1645 63
748 1619 863 1657 supra
891 1606 1117 1658 scripserim,
1147 1581 1283 1644 debere

164 1660 448 1699 commendare.
471 1674 494 1699 a
512 1668 629 1721 teque
642 1660 884 1698 vehementer
902 1660 1017 1698 etiam
1032 1667 1147 1710 atque
1167 1658 1282 1697 etiam

165 1721 268 1764 peto,
287 1721 345 1762 ut,
365 1714 469 1765 quod
486 1713 629 1753 habet
618 1727 659 1752 m
684 1714 752 1752 tua
769 1714 965 1765 provincia
992 1713 1148 1774 negotii,
1169 1726 1285 1764 expe-

166 1766 271 1806 dias:
303 1768 405 1819 quod
438 1768 508 1806 tibi
541 1768 678 1807 videbi
671 1781 730 1805 ur
767 1774 911 1806 rectum
943 1779 1036 1814 esse,
1065 1766 1139 1818 ipsi
1168 1766 1281 1805 dicas.

169 1820 381 1860 Hominem
405 1821 634 1861 facillimum
662 1821 1051 1872 liberalissimumque
1070 1833 1283 1871 cognosces.

171 1874 310 1936 Itaque
327 1883 364 1914 te
389 1888 495 1927 rogo,
515 1883 559 1913 ut
577 1888 666 1913 eum
695 1875 880 1922 solutum,
908 1874 1088 1922 liberum,
1108 1874 1285 1913 confectis

170 1929 252 1978 ejus
271 1929 428 1981 negotiis
439 1943 507 1981 per
518 1937 569 1977 te,
583 1941 701 1989 quam
711 1929 882 1989 primum
895 1927 944 1965 ad
957 1940 1020 1966 me
1034 1928 1215 1967 remittas.
1236 1928 1286 1966 Id

167 1982 264 2022 mihi
281 1983 464 2036 fratrique
481 1996 567 2023 meo
585 1982 843 2035 gratissimum
861 1981 1002 2021 feceris.
1031 1981 1142 2021 Vale.
