1513 2382
404 106 484 145 AD
511 106 796 146 ATTICUM.
827 106 925 145 Lm.
951 107 1010 146 11.
1039 110 1078 146 5.
1230 110 1304 148 185

184 221 244 251 ter
262 225 444 264 quercum
465 213 717 261 Dodonaeam,
738 214 835 253 nihil
862 214 1132 262 desideramus,
1153 216 1305 266 quomi-

184 279 257 305 nus
274 267 440 318 Epirum
458 268 582 319 ipsam
594 268 796 319 possidere
815 268 1023 306 videamur.
1054 269 1138 306 Nos
1157 269 1304 308 circiter

186 320 270 359 Cal.
304 328 371 358 aut
403 321 441 359 in
472 321 677 360 Formiano
705 321 860 369 erimus,
890 330 957 360 aut
983 322 1023 359 in
1053 322 1301 373 Pompeiano.

186 373 266 421 Tu,
305 374 337 412 si
367 375 408 412 in
437 375 643 413 Formiano
674 388 752 413 non
778 376 932 423 erimus,
962 375 993 413 si
1022 387 1090 414 nos
1115 389 1234 423 amas,
1261 377 1301 414 in

185 427 466 478 Pompeianum
486 430 622 467 venito.
653 429 701 466 Id
727 436 763 467 et
787 429 896 467 nobis
916 429 986 467 erit
1003 429 1300 490 perjucundum,

184 488 222 518 et
249 481 319 519 tibi
341 494 419 520 non
441 495 529 521 sane
551 483 717 521 devium.
756 482 819 521 De
846 495 971 528 muro,
1000 483 1184 533 imperavi
1208 484 1303 521 Phi-

184 534 332 583 lotimO,
352 548 400 574 ne
422 537 635 588 impediret,
665 536 871 588 quominus
895 537 935 574 id
961 536 1078 583 fieret,
1103 537 1207 587 quod
1232 537 1302 575 tibi

185 587 386 627 videretur.
426 591 571 629 Censeo
600 599 743 636 tamen,
782 590 961 628 adhibeas
994 591 1034 628 V
1036 590 1183 628 ettium.
1226 590 1302 628 His

184 643 432 693 temporibus,
452 651 533 682 tam
550 644 670 682 dubia
687 643 766 681 vita
791 644 926 695 optimi
946 645 1144 695 cujusque,
1169 645 1301 695 magni

184 696 330 734 aestimo
352 698 467 736 unius
495 698 631 736 aestatis
667 698 836 736 fructum
870 699 1054 748 palaestrae
1087 698 1299 743 Palatinae;

183 749 248 786 sed
267 749 321 787 ita
339 758 481 798 tamen,
502 759 546 789 ut
571 751 669 788 1111111
690 751 819 789 minus
838 752 970 812 velim,
994 764 1111 802 quam
1132 752 1301 803 Pompo-

185 802 290 841 niam
305 811 342 842 et
359 818 524 855 puerum
543 805 682 844 versari
699 804 740 842 in
760 805 895 842 timore
913 805 1047 843 ruinae

413 937 499 988 (5.)
531 938 741 978 CICERO
770 937 994 978 ATTICO
1023 939 1064 977 s,

237 1044 361 1096 Cupio
393 1046 584 1097 equidem,
625 1054 662 1085 et
694 1047 925 1098 jampridem
959 1046 1085 1097 cupio,
1121 1047 1297 1084 Alexan-

182 1097 304 1136 driam
337 1100 600 1160 reliquamque
633 1101 852 1151 AEgyptum
882 1100 1013 1147 visere,
1042 1107 1079 1137 et
1107 1100 1223 1138 simul
1247 1103 1295 1138 ab

181 1151 251 1191 hac
273 1152 475 1191 hominum
499 1154 669 1192 satietate
696 1154 815 1192 nostri
837 1153 1038 1200 discedere,
1063 1160 1099 1191 et
1119 1167 1207 1192 cum
1226 1154 1296 1191 ali-

179 1218 256 1255 quo
279 1205 462 1244 desiderio
486 1207 644 1246 reverti:
676 1207 741 1245 sed
763 1208 834 1246 hoc
857 1214 1040 1259 tempore,
1062 1213 1099 1245 et
1121 1207 1180 1246 his
1206 1208 1296 1246 mit-

179 1260 360 1308 tentibus,

257 1327 424 1377 Αιδεομαι
442 1334 579 1379 Τρωας,
609 1343 668 1365 και
681 1328 849 1379 Τρωαδας
870 1331 1174 1372 {anamma->mua

177 1409 284 1456 Quid
304 1409 406 1447 enim
425 1409 543 1447 nostri
568 1409 781 1460 optimates,
803 1410 833 1448 si
860 1410 928 1461 qui
952 1409 1090 1460 reliqui
1116 1417 1215 1454 sunt,
1237 1411 1293 1448 lo-

176 1465 374 1513 quentur?
403 1476 468 1511 an,
493 1476 557 1501 me
585 1463 714 1515 aliquo
740 1464 899 1515 praemio
927 1463 974 1501 de
1000 1464 1185 1502 sententie⁴
1214 1478 1292 1503 esse

174 1517 382 1555 deductum
397 1519 414 1553 Ρ

251 1583 488 1633 Πουλυὸαμας
503 1599 563 1633 μοι
584 1599 727 1635 πρωτος
740 1590 923 1636 ελεγχειην
941 1586 1128 1630 αναξῖησει,

174 1664 271 1702 Cato
289 1663 354 1700 ille
372 1669 510 1708 noster,
532 1663 599 1715 qui
622 1663 719 1701 mihi
744 1676 844 1702 unus
869 1670 924 1702 est
941 1675 1010 1714 pro
1029 1670 1182 1702 centum
1200 1666 1290 1703 11111-

174 1718 286 1756 libus.
328 1716 436 1764 Quid
462 1730 550 1755 vero
586 1717 752 1755 historiae
779 1717 827 1755 de
853 1718 962 1755 nobis
989 1717 1039 1754 ad
1065 1730 1187 1758 annos
1212 1719 1288 1759 Dc

174 1770 443 1823 praediczirint?
472 1784 566 1822 quas
585 1771 740 1822 quidem
767 1784 837 1822 ego
855 1771 979 1808 multo
998 1771 1122 1822 magis
1141 1785 1285 1823 vereor,

175 1838 293 1877 quam
312 1837 444 1863 eorum
462 1824 679 1873 hominum,
700 1825 767 1875 qui
785 1824 897 1863 hodie
916 1825 1064 1872 vivunt,
1084 1837 1287 1865 rumuscu-

173 1880 240 1918 los.
285 1878 374 1926 Sed,
404 1879 551 1930 opinor,
581 1878 829 1929 excipiamus,
863 1885 900 1916 et
929 1885 1202 1929 exspectemus.
1244 1882 1287 1920 Si

171 1933 275 1972 enim
303 1933 505 1979 deferetur,
544 1933 614 1971 erit
644 1932 822 1983 quaedam
858 1941 986 1969 nostra
1014 1938 1207 1983 potestas,
1197 1948 1206 1958 ·
1249 1942 1287 1974 et

171 1993 256 2024 tum
283 1986 588 2024 deliberabimus.
627 1986 760 2024 Etiam
797 1993 852 2024 est
887 1986 927 2022 in
963 1998 1041 2024 non
1068 1987 1286 2038 accipiendo

169 2041 354 2079 nonnulla
371 2040 519 2091 gloria.
537 2052 668 2091 quare,
683 2040 714 2077 si
733 2039 827 2090 quid
846 2046 1030 2086 Θεοῖανης
1045 2047 1172 2078 tecum
1186 2041 1284 2081 forte

166 2094 380 2142 contulerit,
406 2106 455 2131 ne
477 2094 633 2132 omnino
657 2093 880 2144 repudiaris.
909 2092 972 2130 De
990 2093 1069 2131 istis
1087 2095 1200 2133 rebus
1219 2109 1286 2134 ex-

168 2155 294 2202 specto
308 2154 393 2186 tuas
407 2148 555 2185 literas:
578 2146 673 2198 quid
686 2146 826 2184 Arrius
841 2153 991 2191 narret3
1009 2160 1086 2198 quo
1100 2147 1229 2187 animo
1244 2163 1283 2188 se

169 2198 392 2240 destitutum
406 2201 526 2239 ferat:
550 2199 702 2252 [ecqui]
719 2200 890 2239 consules
888 2207 1113 2291 pareptum
1101 2210 1280 2251 ‚uti-um,

938 2265 968 2291 R
