1513 2382
171 117 249 156 192
375 118 458 157 AD
488 116 777 157 ATTICUM.
808 116 909 156 Lm.
930 116 990 156 ΙΙ.
1023 117 1085 156 12.

382 225 499 277 (ll.)
526 224 742 266 CICERO
771 224 995 265 ATTICO
1025 225 1067 264 S.

218 332 347 371 Narro
365 333 460 372 tibi:
490 334 606 385 plane
630 333 822 385 relegatus
849 333 948 371 mihi
965 332 1109 379 videor,
1138 338 1287 385 1105103-

168 399 287 438 quam
315 387 356 425 in
388 388 595 425 Formiano
624 400 725 425 sum.
770 387 867 425 Dies
896 387 999 425 enim
1029 387 1160 425 nullus
1189 394 1283 435 erat,

167 441 282 478 Antii
300 454 390 479 cum
412 454 547 489 essem,
571 454 648 493 quo
677 441 737 479 die
761 453 839 478 non
864 441 1002 479 melius
1029 441 1179 488 scirem,
1203 441 1284 479 Ro-

166 506 242 532 mae
271 495 366 546 quid
384 504 572 546 ageretur,
599 508 718 546 quam
746 494 773 532 ii
800 494 868 546 qui
892 502 998 533 erant
1023 495 1174 533 Romae.
1210 494 1285 532 Et-

168 548 272 586 enim
290 549 409 587 literae
428 556 518 595 tuae,
546 561 622 587 non
648 548 773 586 solum
788 548 883 600 quid
904 549 1055 595 Romae,
1076 549 1142 587 sed
1169 548 1284 587 etiam

167 601 263 662 (111111
281 602 321 640 111
343 616 383 640 10
406 603 575 653 publica,
598 614 723 653 neque
749 602 873 639 solum
901 602 995 653 quid
1012 603 1131 650 fieret,
1151 615 1285 640 verum

167 655 283 694 etiarn
302 656 397 708 quid
414 656 592 694 futurum
611 664 719 699 esset
739 655 970 694 indicabant.
999 657 1132 702 Nunc,
1158 655 1232 694 nisi
1253 655 1286 694 si

164 709 261 760 quid
285 723 332 748 ex
357 717 606 761 praetereunte
630 710 772 747 viatore
792 721 994 761 exceptum
1016 718 1085 758 est,
1105 709 1198 748 scire
1224 710 1284 747 ni-

164 763 222 800 hil
246 776 460 814 possumus.
491 764 636 811 Quare,
657 776 894 815 quamquam
910 764 993 812 jam
1014 770 1052 802 te
1070 763 1199 814 ipsum
1217 776 1284 802 ex-

167 825 309 867 specto,
334 824 463 855 tamen
487 817 549 855 isti
576 830 708 868 puem,
730 830 846 868 quem
874 817 923 855 ad
948 830 1012 855 me
1038 817 1168 855 statim
1186 816 1285 867 jussi

164 883 367 918 recurrere,
401 870 450 908 da
478 871 728 922 ponderosam
757 871 928 922 aliquam
959 871 1172 922 epistolam,
1201 871 1284 922 ple-

165 936 256 962 nam
276 924 451 962 omnium
471 938 548 963 non
569 925 682 963 modo
709 932 896 972 actorum,
917 925 983 962 sed
1001 925 1116 963 etiam
1135 924 1284 976 opinio-

166 989 264 1016 num
277 986 462 1017 tuarum:
493 992 536 1017 ac
555 978 671 1027 diem,
692 992 769 1030 quo
784 977 912 1017 Roma
926 978 976 1017 sis
994 979 1180 1059 exiturus,
1192 991 1284 1017 cura

166 1039 212 1070 ut
230 1032 360 1070 sciam.

220 1086 306 1124 Nos
333 1087 374 1123 in
407 1086 614 1125 Formiano
643 1100 699 1126 ess
702 1099 722 1125 e
744 1087 922 1125 volumus
954 1099 1076 1138 usque
1104 1086 1154 1125 ad
1182 1085 1283 1138 prid.

166 1139 302 1178 Nonas
333 1140 472 1178 Maias.
512 1141 574 1179 Eo
607 1141 640 1178 si
668 1148 756 1179 ante
786 1154 871 1178 eam
898 1140 1001 1178 diem
1025 1152 1102 1178 11011
1120 1139 1281 1188 veneris,

165 1193 304 1231 Romae
322 1200 360 1232 te
387 1194 546 1233 fortasse
564 1194 725 1233 videbo:
755 1207 847 1233 nam
864 1194 1063 1245 Arpinum
1091 1193 1186 1246 quid
1213 1206 1284 1245 ego

167 1253 204 1285 te
222 1246 378 1285 invitem
395 1249 412 1285 ?

243 1332 400 1381 Τρηχεΐ,
423 1329 513 1366 αλλ’
535 1331 653 1377 αγαΞτη
676 1337 932 1380 κουροτροφος·
964 1342 1037 1364 ουτι
1063 1344 1173 1375 εγωγε

242 1383 310 1426 ‘Hg-
329 1398 432 1430 γαιης
451 1382 596 1431 δυναμαι
613 1389 877 1433 γλυκερωτερον
897 1388 988 1419 αλλο
1009 1381 1166 1420 asso-Soza.

165 1464 263 1504 Haec
280 1463 409 1516 igitur.
440 1463 544 1503 Cura
561 1470 606 1501 ut
620 1463 758 1502 valeas.

383 1637 497 1688 (12.)
537 1635 748 1678 CICERO
776 1621 999 1677 ATTICO
1027 1638 1067 1676 5.

220 1746 376 1797 Negent
393 1745 452 1784 illi
471 1746 658 1785 Publium
683 1745 877 1797 plebeium
902 1745 1047 1785 factum
1067 1758 1156 1784 oese.
1196 1745 1284 1784 Hoc

164 1812 253 1838 vero
270 1813 431 1852 regnum
452 1807 520 1847 est,
541 1808 578 1839 et
607 1800 697 1838 ferri
718 1799 826 1837 nullo
847 1807 958 1851 pacto
982 1807 1116 1851 potest.
1154 1799 1283 1838 Emit-

162 1860 221 1891 tat
239 1853 287 1892 ad
305 1867 369 1892 me
395 1854 573 1903 Publius,
601 1854 669 1906 qui
691 1853 918 1904 obsignent3
945 1855 1097 1903 jurabo,
1118 1853 1282 1891 Cnaeum

163 1914 350 1956 nostrum,
371 1908 556 1959 collegam
575 1908 707 1957 Balbi,
725 1906 839 1945 Antii
856 1907 954 1945 mihi
972 1908 1156 1956 narrasse,
1182 1919 1221 1945 se
1238 1906 1280 1945 in

163 1961 333 2012 auspicio
347 1961 473 2000 fuisse.

216 2015 255 2053 O
275 2028 408 2054 suaves
427 2016 602 2067 epistolas
620 2023 720 2064 tuas,
749 2027 828 2054 uno
853 2021 1024 2067 tempore
1041 2014 1139 2054 mihi
1157 2013 1278 2060 dam,

161 2066 287 2106 duas!
329 2069 470 2120 quibus
501 2076 665 2116 ευαγγελι
669 2085 692 2106 α
719 2082 808 2121 quae
833 2069 1005 2119 reddam,
1037 2069 1185 2108 nescio:
1215 2067 1285 2106 de-

161 2121 245 2159 beri
264 2122 420 2173 quidem
439 2123 554 2174 plane
571 2122 717 2169 satem-3
748 2122 814 2162 sed
830 2122 917 2161 vide
938 2138 1164 2173 συγκυρημα.

217 2175 460 2214 Emerseram
492 2177 692 2215 commode
716 2190 764 2215 ex
784 2177 938 2215 Antiati
969 2177 1010 2214 in
1034 2176 1207 2236 Appiam
1233 2174 1282 2213 ad

163 2227 260 2268 Tres
281 2229 491 2279 Tabemas‚
517 2230 609 2282 ipsis
638 2229 875 2279 Cerealibus,
902 2243 990 2270 cum
1010 2231 1050 2270 in
1075 2243 1138 2269 me
1155 2229 1282 2268 incur-
