1513 2382
308 75 392 114 AD
419 73 706 113 ATTICUM.
737 73 834 112 Lm.
858 75 889 113 Ι.
925 76 984 113 16.
1131 78 1204 121 1ῑι7

92 182 287 223 Hortensii
313 183 496 229 consili03
525 182 607 235 qui,
634 181 728 220 dum
748 183 889 220 veritus
909 190 977 229 est,
1000 195 1048 221 ne
1072 184 1207 223 Fufius

87 239 124 277 ei
142 238 217 289 legi
234 237 491 284 intercederet,
516 250 604 288 quae
631 249 679 274 ex
699 237 1043 275 senatus-consulto
1061 238 1208 276 fereba-

86 299 164 339 tur,
184 303 261 330 non
279 290 376 330 vidit
392 290 504 338 illud,
529 290 647 329 satius
673 303 751 328 esse
775 290 887 328 illum
910 291 950 328 in
969 291 1130 330 infamia
1148 305 1207 330 re-

86 345 211 397 linqui
229 358 272 383 ac
290 345 477 394 sordibus,
508 357 625 396 quam
648 344 802 382 infirmo
820 344 964 394 judicio
990 347 1202 384 committi:

86 399 166 446 sed,
196 399 334 437 ductus
358 398 459 447 odio,
478 398 696 450 properavit
721 411 802 436 rem
827 398 1011 437 deducere
1036 399 1076 437 in
1100 400 1205 449 judi-

84 452 213 490 cium:
244 465 334 491 cum
358 452 471 490 illum
489 453 673 504 plumbeo
691 452 820 503 gladio
835 453 1060 504 jugulatum
1079 453 1127 491 iri
1145 461 1204 491 ta-

80 518 171 544 men
189 506 339 545 diceret.

135 560 226 609 Sed,
243 559 447 610 judicium,
469 560 501 598 si
514 559 667 612 quaeris,
688 560 802 611 quale
820 560 960 606 fuerit3
990 561 1202 600 incredibili

81 614 214 659 exitu3
245 614 312 663 sic,
331 614 389 652 uti
407 627 510 652 nunc
529 627 577 651 ex
597 621 734 652 eventu
754 615 802 652 ab
823 614 919 661 aliis,
946 628 968 652 a
986 627 1050 653 me
1072 622 1202 654 tamen

81 681 131 706 ex
161 667 245 720 ipso
274 668 396 716 initio,
426 667 627 706 consilium
661 667 858 705 Hortensii
892 669 1202 719 reprehendatur.

83 722 206 769 Nam,
218 729 263 759 ut
281 722 432 771 rejectio
446 721 545 760 facta
559 728 615 759 est
633 722 860 759 clamoribus
878 723 1084 767 maximis3
1115 736 1203 761 cum

81 783 288 823 accusator,
314 784 516 827 tamquam
540 787 670 814 censor
694 776 832 821 bonus,
852 774 1026 814 homines
1050 777 1204 828 nequis-

82 829 199 867 simos
234 829 428 879 rejiceret;
470 843 570 877 reus,
608 836 809 880 tamquam
846 829 1010 868 clemens
1047 831 1200 877 lanista,

79 883 384 934 frugalissimum
403 896 596 935 quemque
621 890 852 929 secerneret3
882 891 926 921 ut
949 884 1119 934 primum
1136 886 1201 934 ju-

80 937 182 976 dices
214 937 476 984 consederunt,
514 936 624 975 valde
662 936 831 974 diffidere
866 938 958 974 boni
995 946 1199 989 coeperunt.

78 991 173 1029 Non
192 992 294 1029 enim
313 1004 487 1043 unquam
513 990 662 1042 turpior
679 990 721 1028 in
739 990 833 1028 ludo
851 990 984 1029 talario
1003 1004 1198 1030 consessus

77 1045 175 1083 fuit:
205 1046 391 1084 maculosi
409 1053 610 1093 senatores,
632 1044 727 1082 nudi
755 1044 913 1095 equites,
940 1045 1097 1093 tribuni,
1118 1059 1196 1084 non

76 1106 157 1137 tam
187 1100 305 1148 aerati,
326 1112 459 1151 quam,
486 1106 531 1137 ut
549 1099 804 1150 appellantur,
832 1098 965 1136 aerarii.
996 1085 1116 1138 Pauci
1140 1108 1197 1138 ta-

76 1165 166 1191 men
193 1153 286 1191 boni
310 1153 473 1215 inerant,
505 1166 600 1214 quos
628 1152 828 1202 rejectione
858 1152 993 1203 fugare
1020 1153 1086 1191 ille
1117 1166 1193 1191 non

74 1213 274 1258 potuerat3
304 1208 372 1259 qui
401 1207 527 1246 moesti
549 1207 663 1250 (inter
691 1206 751 1244 sui
781 1205 1014 1255 dissimiles),
1045 1214 1082 1245 et
1100 1220 1195 1246 moe-

74 1269 212 1309 rentes,
250 1262 444 1309 sedebant,
483 1269 520 1300 et
553 1260 776 1311 contagione
803 1260 1052 1312 turpitudinis
1082 1262 1196 1300 vehe-

71 1323 220 1354 menter
237 1317 568 1367 permovebantur.
601 1315 697 1362 Hic,
716 1321 762 1352 ut
779 1327 944 1366 quaeque
960 1328 1018 1353 res
1037 1315 1086 1353 ad
1105 1329 1195 1354 con-

16 1369 19 1370 ⁷
75 1369 205 1408 silium
222 1371 357 1421 primis
374 1369 695 1422 postulationibus
720 1368 966 1412 referebatur,
992 1369 1194 1408 incredibi-

70 1423 118 1462 lis
137 1431 216 1462 erat
234 1425 424 1471 severitas,
436 1423 547 1462 nulla
565 1423 745 1461 varietate
763 1423 1037 1461 sententiarum
1053 1438 1064 1461 ε
1095 1424 1193 1462 nihil

69 1477 296 1529 impetrarat
313 1491 426 1517 reus:
456 1479 544 1529 plus
558 1476 764 1516 accusatori
775 1477 951 1524 dabatur,
969 1490 1085 1528 quam
1105 1491 1193 1528 pos-

70 1532 244 1570 tulabatt
280 1532 544 1584 triumphabat
575 1531 689 1583 (quid
719 1531 857 1583 quaeris
874 1533 910 1577 Ρ)
944 1531 1189 1575 Hortensius,

70 1598 110 1623 se
127 1585 264 1624 vidisse
291 1593 468 1625 tantum:
499 1598 613 1624 nemo
641 1593 734 1632 erat,
762 1584 831 1636 qui
857 1585 968 1622 illum
995 1598 1118 1633 reum,
1148 1599 1192 1623 ac

67 1652 144 1678 non
163 1640 302 1678 millies
320 1639 631 1688 condemnatum,
650 1640 907 1678 arbitraretur.

124 1694 196 1732 Me
214 1707 302 1733 vero
320 1701 413 1733 teste
431 1694 630 1746 producto,
651 1694 761 1732 credo
780 1701 831 1740 te,
853 1706 900 1731 ex
919 1692 1189 1731 acclamatione

70 1748 198 1787 Clodii
216 1748 498 1797 advocatorum,
519 1748 683 1795 audisse,
705 1761 792 1799 quae
817 1746 1068 1785 consurrectio
1082 1747 1188 1796 judi-

66 1815 156 1841 cum
174 1802 274 1841 facta
291 1802 352 1851 sit,
372 1812 417 1841 ut
433 1815 497 1841 me
515 1801 843 1849 circumsteterint,
863 1808 908 1838 ut
926 1808 1053 1853 aperte
1069 1801 1187 1851 jugu-

65 1857 104 1895 la
122 1869 191 1894 sua
218 1870 288 1908 pro
317 1869 404 1895 meo
433 1857 555 1909 capite
586 1857 633 1894 P.
654 1855 790 1894 Clodio
811 1854 1046 1893 ostentarint.
1084 1854 1186 1902 Quae

63 1910 162 1948 mihi
187 1924 246 1949 res
271 1912 397 1949 multo
427 1910 732 1950 honorificentior
753 1909 834 1947 visa
865 1916 934 1955 est,
966 1921 1084 1960 quam
1117 1917 1184 1947 aut

62 1965 144 2012 illa,
164 1977 254 2003 cum
277 1966 407 2015 jurare
430 1965 487 2003 tui
513 1965 610 2003 cives
632 1965 889 2002 Xenocratem
919 1962 1181 2000 testimonium

61 2019 250 2057 dicentem
280 2019 585 2071 prohibuerunt3
627 2025 694 2056 aut
727 2030 816 2056 cum
846 2017 996 2055 tabulas
1029 2016 1182 2054 Metelli

60 2073 276 2120 Numidici,
307 2087 395 2111 cum
425 2073 487 2111 hae
525 2074 587 2125 (ut
618 2085 702 2110 mos
732 2071 805 2121 est)
834 2071 1179 2116 circumferrentur,

60 2127 178 2165 nostri
204 2128 351 2176 judices
372 2128 564 2179 adspicere
589 2127 820 2165 noluerunt:
850 2126 976 2163 multo
1001 2125 1095 2171 haec,
1120 2125 1178 2162 in-

60 2193 193 2231 quam,
223 2188 352 2221 nostra
381 2195 440 2220 res
467 2183 601 2232 major.
646 2180 783 2233 Itaque
801 2179 977 2230 judicum
1006 2179 1175 2223 vocibus,

115 2235 283 2286 (Epist.)
305 2247 411 2273 vor..
434 2247 480 2274 11.
879 2245 903 2272 Ρ
