1513 2382
207 107 260 144 44
369 104 453 144 AD
481 103 776 145 DIVERSOS.
805 103 906 143 Lm.
935 101 1063 144 XIII.
1092 102 1158 142 53.

200 215 275 253 bus
305 214 420 252 rebus
447 220 640 260 ornatum,
670 225 881 265 meumque
903 210 1215 264 perfamiliarem,
1245 206 1317 246 tibi

202 267 428 307 commendo
446 266 491 305 ea
516 266 842 306 commendatione
863 279 950 318 quae
976 271 1100 317 potest
1131 275 1210 302 esse
1230 259 1319 299 dili-

202 321 433 373 gentissima.
464 321 559 359 Peto
578 335 600 359 a
619 327 670 368 te,
691 328 728 359 et
754 334 823 371 pro
848 318 975 358 nostra
1002 326 1039 358 et
1061 331 1131 370 pro
1158 314 1319 368 paterna

203 375 384 423 amicitia,
397 382 442 412 ut
454 387 544 412 eum
557 375 598 413 in
611 381 720 412 tuam
739 374 856 413 fidem
866 373 1038 426 recipias,
1059 373 1217 423 eJusque
1234 380 1317 407 rem

202 430 424 480 famamque
449 435 589 467 tueare.
630 429 774 467 Virum
800 430 962 475 bonum,
981 425 1125 478 tuaque
1151 420 1319 463 amicitia

202 483 379 534 dignum,
399 482 470 520 tibi
488 482 720 532 adjunxeris,
739 482 913 534 mihique
934 481 1194 533 gratissimum
1220 476 1320 516 fece-

202 536 266 575 ris.
294 537 406 575 Vale.

423 682 537 735 (52.)
571 681 785 723 c1cERo
813 681 955 722 REGI
986 681 1026 720 S.
1047 681 1104 720 D.

279 792 605 844 (Argumentum.
628 813 681 822 -—-
700 791 906 843 Hospitem
951 801 1080 838 suum,
1124 785 1320 826 Licinium

204 846 468 895 Aristotelem,
491 844 765 895 commendat.)

257 981 388 1019 Aulus
408 979 578 1018 Licinius
597 978 835 1026 Aristoteles,
857 976 1085 1025 Melitensis,
1105 975 1322 1028 antiquissi-

204 1048 293 1074 mus
312 1041 367 1072 est
384 1034 520 1085 hospes
534 1046 657 1078 meus,
679 1039 716 1070 et
733 1039 914 1083 praeterea
932 1032 1156 1080 conjunctus
1175 1042 1319 1080 magno

204 1102 279 1127 usu
303 1087 582 1126 familiaritatis.
623 1086 720 1124 Haec
750 1098 839 1123 cum
863 1085 918 1123 ita
939 1085 1028 1132 sint,
1062 1096 1139 1122 non
1168 1083 1317 1131 dubito,

205 1142 301 1194 quin
319 1141 389 1179 tibi
414 1140 503 1179 satis
522 1138 809 1177 commendatus
835 1138 894 1177 sit.
933 1138 1092 1176 Etenim
1110 1150 1158 1175 ex
1185 1136 1319 1175 multis

206 1207 403 1247 cognosco,
423 1206 551 1231 meam
581 1192 949 1231 commendationem
978 1191 1191 1242 plurimum
1216 1190 1321 1241 apud

205 1256 245 1287 te
275 1248 409 1287 valere.
451 1247 570 1285 Hunc
600 1259 670 1296 ego
696 1259 719 1283 a
738 1245 886 1284 Caesare
913 1245 1083 1283 liberavi.
1123 1244 1320 1296 Frequens

205 1302 309 1341 enim
328 1301 452 1339 fuerat
470 1301 683 1347 nobiscum,
704 1306 819 1350 atque
838 1300 952 1338 etiam
971 1298 1115 1336 diutius
1141 1297 1183 1335 in
1205 1298 1320 1336 causa

207 1363 278 1401 est,
308 1368 426 1407 quam
453 1366 538 1402 nos,
564 1360 845 1392 commoratus:
876 1366 953 1405 quo
977 1351 1121 1390 melius
1143 1358 1181 1390 te
1205 1351 1252 1390 de
1277 1364 1321 1390 eo

205 1409 514 1449 existimaturum
528 1408 699 1446 arbitror.
729 1407 808 1445 Fac
824 1407 955 1458 igitur,
970 1407 1027 1444 mi
1038 1405 1140 1451 Rex,
1153 1412 1198 1443 ut
1209 1405 1322 1444 intel-

205 1464 314 1515 ligat,
334 1462 402 1501 has
421 1462 493 1501 sibi
511 1461 637 1500 literas
651 1461 865 1513 plurimum
882 1459 1094 1513 profuisse..
1107 1459 1220 1499 Vale.

282 1621 395 1676 (53.)
428 1620 641 1664 CICERO
669 1621 936 1672 THERMO,
965 1620 1168 1661 PROPR.
1199 1622 1240 1661 S.

281 1732 606 1784 (Argumentum.
626 1752 679 1760 —
693 1731 868 1769 Curvum
898 1729 941 1768 in
971 1714 1156 1769 *omnibus
1192 1731 1318 1780 rebus,

206 1786 397 1838 praecipue
413 1786 455 1823 in
474 1785 748 1836 Hellespontiis
762 1784 936 1836 negotiis,
951 1782 1223 1834 commendat.)

265 1921 388 1960 Lucio
407 1919 608 1959 Genucilio
627 1918 755 1958 Curvo
766 1917 998 1971 jampridem
1008 1924 1096 1956 utor
1105 1917 1322 1956 familiaris-

208 1976 318 2024 sime,
337 1975 482 2027 optimo
499 1974 594 2021 viro,
624 1980 661 2011 et
677 1973 834 2011 homine
853 1972 1080 2024 gratissimo.
1121 1972 1229 2010 Eum
1253 1971 1324 2010 tibi

208 2029 361 2081 penitus
379 2027 605 2068 commendo
622 2033 738 2078 atque
754 2026 886 2065 trado:
916 2026 1102 2078 primum,
1124 2031 1170 2064 ut
1198 2025 1325 2064 omni-

210 2085 284 2121 bus
312 2082 353 2120 in
371 2084 483 2121 rebus
512 2081 548 2120 ei
575 2080 806 2129 commodos,
826 2079 954 2132 quoad
981 2079 1075 2118 fides
1102 2086 1170 2118 tua
1197 2079 1324 2130 digni-

210 2145 344 2189 tasque
371 2135 560 2189 patietur:
588 2134 755 2187 patietur
781 2141 912 2176 autem
928 2133 970 2174 in
994 2132 1196 2175 omnibusz
1225 2132 1322 2173 nihil
