1513 2382
321 76 404 116 AD
431 76 716 116 ATTICUM.
748 76 847 115 Lm.
879 78 952 116 lv.
983 80 1020 116 9.
1149 78 1228 114 253

115 184 244 223 sertim
262 197 351 224 cum
370 193 437 224 aut
455 186 570 232 solus,
591 191 658 222 aut
683 191 780 222 certe
799 196 875 222 non
894 184 983 235 plus
1002 197 1122 237 quam
1141 197 1230 223 cum

113 240 245 285 altero,
260 246 374 290 petat.
395 240 437 278 Si
451 253 538 278 vero
549 239 589 277 id
604 245 672 284 est,
690 238 810 288 (quod
822 239 946 277 nescio
961 251 1008 276 an
1021 239 1086 285 sit)
1102 246 1146 276 ut
1156 251 1233 276 non

113 293 242 330 minus
260 294 393 344 longas
409 295 492 343 jam
516 294 556 331 in
586 291 846 332 codicillorum
875 292 982 330 fastis
1010 292 1229 330 futurorum

113 346 313 384 consulum
339 347 539 398 paginulas
561 347 713 391 habeat,
745 359 863 396 quarn
891 346 1105 391 factorum3
1136 346 1230 397 quid

113 400 180 437 illo
198 400 386 449 miserius,
399 401 472 438 nisi
486 399 729 452 respublica?
751 401 789 438 in
804 400 882 452 qua
897 412 944 438 ne
959 407 1130 451 speratur
1144 400 1229 451 qui-

113 453 201 491 dem
220 454 357 492 melius
375 455 602 506 quidquam.

167 507 230 545 De
250 508 291 546 N
293 507 384 555 atta,
411 522 459 547 ex
486 509 562 547 tuis
589 509 760 560 primum
785 507 875 546 scivi
904 507 1046 545 literis:
1077 507 1231 546 oderam

114 560 322 599 hominem.
352 562 415 600 De
433 567 609 613 poi-{mate
627 564 731 615 quod
750 562 889 614 quaeris
906 575 917 607 3
939 561 1034 613 quid
1052 561 1083 599 si
1102 561 1231 613 cupiat

112 614 309 666 effugere?
339 616 433 667 quid
448 619 464 655 ?
487 617 586 655 sinas
601 619 618 655 Ρ
648 617 711 655 De
729 616 850 655 Fabio
866 616 992 653 Lusco
1011 615 1115 666 quod
1126 628 1229 653 eram

114 681 294 714 exorsus;
324 670 440 708 homo
458 683 658 721 peramans
678 684 826 722 semper
845 669 962 707 nostri
981 669 1070 715 fuit,
1086 681 1155 707 nec
1172 671 1230 706 mi

113 734 287 773 unquam
305 723 404 762 odio.
444 724 543 762 Satis
563 725 664 762 enirn
683 734 818 763 acutus
837 731 873 761 et
893 722 1167 775 permodestus,
1188 736 1231 761 ac

113 776 224 814 bonae
251 777 365 828 frugi.
409 777 529 826 Eum,
551 778 643 829 quia
664 790 741 816 non
761 778 951 823 videbam,
972 778 1100 815 abesse
1118 784 1233 828 puta-

113 829 204 868 bam
219 844 228 868 :
259 831 389 868 audivi
407 845 454 869 ex
475 831 598 869 Gavio
615 831 687 870 hoc
706 832 902 878 Firmano,
918 831 1055 868 Romae
1070 843 1148 868 esse
1162 830 1232 868 ho-

113 883 273 931 minem,
296 892 333 922 et
350 885 466 923 fuisse
483 886 692 923 assiduum.
732 885 924 923 Percussit
942 884 1127 922 animum.
1158 884 1231 921 Di-

114 949 188 984 ces,
209 939 405 977 tantulane
424 941 566 977 causa?
597 939 797 977 Permulta
815 939 864 976 ad
882 951 944 977 me
956 938 1143 975 detulerat
1154 950 1231 976 non

114 990 232 1030 dubia
250 991 297 1031 de
316 992 508 1030 Firmanis
526 992 718 1031 fratribus.
748 992 856 1041 Quid
875 992 936 1040 sit,
957 991 1061 1044 quod
1079 1004 1119 1030 se
1133 1005 1156 1030 a
1169 1004 1233 1030 me

113 1045 282 1094 remorit,
302 1046 334 1084 si
351 1046 466 1084 modo
483 1046 656 1094 removit,
677 1047 822 1097 ignoro.

170 1098 234 1138 De
249 1112 293 1138 eo
311 1099 415 1151 quod
433 1112 497 1138 me
514 1112 660 1147 mones,
681 1107 726 1137 ut
744 1107 781 1138 et
796 1105 997 1141 πολιτικως
1008 1112 1072 1137 me
1085 1112 1231 1150 geram,

113 1159 151 1190 et
180 1168 244 1197 την
275 1168 348 1190 εσω
375 1168 543 1204 γραμμην
572 1162 747 1200 teneam3
778 1153 832 1191 ita
857 1152 992 1190 faciam
1010 1167 1020 1191 z
1052 1153 1116 1192 sed
1135 1166 1232 1205 opus

113 1213 169 1244 est
194 1208 338 1256 majore
365 1206 591 1258 prudentia:
622 1220 739 1259 quam
759 1220 783 1245 a
800 1215 850 1255 te,
878 1213 923 1244 ut
950 1206 1063 1254 soleo,
1087 1215 1230 1258 petam.

115 1259 195 1308 Tu,
215 1261 345 1308 velim,
366 1273 387 1299 e
405 1260 541 1308 Fabio,
562 1261 594 1299 si
608 1274 725 1312 quem
743 1261 859 1299 habes
874 1260 1036 1310 aditum,
1053 1261 1229 1306 odorere;

112 1320 151 1351 et
168 1314 283 1352 istum
304 1314 503 1353 convivam
521 1321 634 1353 tuum
653 1315 829 1366 degustes
844 1328 855 1361 3
886 1321 923 1353 et
941 1314 990 1351 ad
1008 1327 1085 1360 me,
1105 1314 1152 1352 de
1170 1314 1230 1353 his

112 1369 241 1414 rebus,
261 1375 299 1406 et
315 1367 363 1406 de
376 1368 569 1418 omnibus,
582 1369 752 1421 quotidie
766 1369 916 1407 scribas.
945 1368 1027 1406 Ubi
1038 1368 1135 1406 nihil
1146 1368 1234 1418 erit,

113 1421 218 1472 quod
236 1422 389 1472 scribas,
408 1421 449 1460 id
466 1421 594 1474 ipsum
609 1423 773 1462 scribito.
804 1422 911 1462 Cura
928 1429 973 1461 ut
987 1422 1124 1461 valeas.

341 1587 429 1638 (9.)
460 1589 676 1630 CICERO
706 1587 927 1629 ATTICO
957 1588 998 1628 S.

169 1696 269 1735 Sane
287 1695 403 1734 velim
423 1696 530 1743 scire,
559 1709 655 1736 num
674 1710 829 1737 censum
859 1696 1070 1749 impediant
1089 1695 1234 1734 tribuni

114 1749 250 1788 diebus
281 1749 458 1789 vitiandis
483 1750 559 1801 (est
582 1752 685 1790 enim
710 1752 773 1790 hic
798 1752 976 1795 rumor);
1005 1750 1161 1800 totaque
1186 1750 1234 1788 de

114 1803 288 1850 censura,
320 1803 415 1854 quid
445 1812 575 1855 agant,
607 1805 702 1856 quid
731 1805 907 1856 cogitent.
937 1805 1022 1842 Nos
1050 1803 1114 1841 hic
1144 1816 1233 1841 cum

114 1857 302 1908 Pompeio
319 1857 476 1896 fuimus.
512 1858 646 1896 Multa
662 1871 815 1897 mecum
834 1858 881 1896 de
898 1870 938 1896 re
955 1857 1125 1909 publica,
1146 1870 1238 1895 sane

116 1911 190 1949 sibi
207 1910 422 1961 displicens,
443 1919 488 1950 ut
504 1912 732 1963 loquebatur
751 1912 821 1955 (sic
839 1918 894 1950 est
908 1912 1011 1949 enim
1025 1910 1065 1948 in
1078 1910 1151 1949 hoc
1164 1911 1235 1949 ho-

116 1963 222 2002 mine
239 1964 477 2012 dicendum),
506 1966 658 2016 Syriam
685 1978 876 2017 spernens,
905 1963 1137 2016 Hispaniam
1154 1965 1237 2014 jac-

116 2024 225 2055 tans:
255 2017 320 2056 hic
339 2031 506 2069 quoque,
526 2026 572 2056 ut
588 2020 843 2070 loquebatur;
871 2026 908 2057 et
922 2019 1069 2070 opinor,
1094 2031 1236 2070 usque-

117 2071 287 2123 quaque,
307 2071 354 2110 de
372 2071 445 2110 hoc
470 2085 561 2110 cum
578 2072 763 2120 dicemus,
783 2073 832 2110 sit
857 2072 930 2111 hoc
948 2071 1058 2125 quasi
1077 2087 1135 2108 και
1157 2072 1236 2109 τοδε

120 2124 342 2162 Φωκυλιὸουε
373 2125 443 2163 tibi
478 2125 594 2164 etiam
625 2126 766 2177 gratias
798 2128 948 2178 agebat,
987 2125 1091 2178 quod
1128 2124 1237 2175 signa

118 2177 381 2228 componenda
393 2179 633 2230 suscepisses:
655 2179 694 2218 in
710 2192 778 2217 uos
793 2193 880 2218 vero
895 2179 1115 2218 suavissime
1127 2178 1237 2221 (her-

174 2230 343 2280 (Epist.)
367 2243 471 2270 vot.
496 2244 544 2270 11.
947 2247 968 2271 z
