1513 2382
239 106 289 149 78
410 105 492 144 AD
520 105 814 146 DIVERSOS.
843 106 942 145 Lm.
964 105 1081 146 XIV.
1114 107 1176 146 18.

241 212 440 251 officiosior
458 226 549 261 esse,
570 227 687 265 quam
711 213 810 259 fuit;
840 221 878 252 et
903 213 943 252 id
964 213 1106 265 ipsum,
1126 213 1230 265 quod
1246 213 1360 262 fecit,-

242 266 369 317 potuit
386 266 603 318 diligentius
621 267 741 305 facere
760 275 796 305 et
815 267 972 305 cautius.
1006 267 1254 319 Quamquam
1274 268 1350 307 alia

244 326 346 365 sunt,
367 332 453 370 quae
471 320 592 371 magis
611 333 798 366 curemus,
813 321 1011 371 magisque
1029 321 1242 359 doleamus:
1264 334 1352 372 quae

243 384 308 409 me
325 372 378 410 ita
395 373 611 420 conficiunt,
643 381 686 410 ut
708 374 735 410 ii
761 374 973 421 voluerunt,
1005 374 1072 424 qui
1098 387 1161 412 me
1190 374 1237 412 de
1265 374 1354 412 mea

244 426 430 463 sententia
457 427 708 465 detruserunt.
746 426 850 464 Cura.
873 434 918 464 ut
949 427 1086 465 valeas.
1126 427 1255 466 Pridie
1278 427 1353 466 Ca-

246 478 347 516 lend.
365 479 394 517 J
395 491 529 518 anuar.

324 637 342 690 (
359 639 440 686 17.)
470 638 529 675 Μ.
543 639 591 677 Τ.
608 638 654 679 C.
672 639 985 678 TERENTIAE
1006 639 1131 679 SUAE
1152 641 1192 679 S.
1202 640 1258 678 D.

299 746 812 797 (Argumentum—Nihil
847 760 925 789 esse
956 747 1023 795 ait,
1057 746 1161 798 quod
1192 746 1352 785 scribat:

243 800 434 849 quomodo
462 800 542 851 ipse
573 800 634 844 sit,
662 812 708 838 ex
739 801 864 851 Lepta
889 808 925 838 et
950 800 1132 838 Trebatio
1155 812 1265 851 posse
1292 812 1356 838 co-

243 853 384 902 gnosci.
394 852 410 903 )

296 960 334 998 S.
351 960 403 997 V.
420 960 469 997 B.
484 961 531 998 E.
550 961 601 998 V.
631 960 672 999 Si
690 960 784 1012 quid
800 960 994 1007 haberem,
1014 961 1117 1011 quod
1138 961 1186 999 ad
1203 967 1241 999 te
1259 959 1349 999 scri-

239 1014 382 1060 berem,
416 1013 577 1052 facerem
612 1014 653 1051 id
682 1022 719 1052 et
754 1014 928 1063 pluribus
958 1013 1094 1061 verbis,
1127 1023 1165 1053 et
1199 1014 1348 1065 saepius.

240 1067 358 1104 Nunc
376 1079 462 1117 quae
481 1068 555 1105 sint
572 1068 735 1117 negotia,
756 1066 872 1104 vides.
899 1066 986 1116 Ego
1004 1075 1132 1106 autem
1157 1067 1348 1118 quomodo

241 1121 312 1158 sim
332 1120 499 1164 affectus,
521 1134 567 1159 ex
581 1120 701 1172 Lepta
721 1127 757 1157 et
771 1119 951 1157 Trebatio
965 1121 1102 1170 poteris
1116 1132 1347 1173 cognoscere.

239 1174 305 1212 Tu
323 1174 396 1220 fac,
413 1181 456 1211 ut
475 1180 582 1212 tuam
601 1183 638 1212 et
651 1173 794 1211 Tulliae
812 1173 1068 1211 valetudinem
1086 1186 1204 1212 ουτω.
1231 1173 1342 1212 Vale.

238 1334 349 1383 (13)
379 1331 632 1372 TULLIUS
653 1329 973 1376 TERENTIAE
989 1331 1129 1375 SUAE,
1159 1330 1234 1369 ET
1254 1330 1348 1369 PA-

292 1389 408 1428 TER
439 1385 685 1426 SUAVISS.
715 1384 888 1422 FILIAE
916 1384 1238 1429 TULLIOLAE,
1271 1384 1349 1425 01-

295 1443 446 1483 CERO
477 1438 664 1478 MATRI
693 1439 768 1476 ET
798 1438 1017 1483 SORORI,
1050 1437 1219 1478 S.P.D.

293 1544 875 1594 (Argumentum—Ejusdem
893 1543 1109 1595 argumenti
1142 1550 1211 1589 est,
1241 1543 1350 1592 cujus

239 1605 317 1634 erat
336 1598 492 1648 epistola
511 1599 641 1641 X1V3
673 1598 814 1649 quippe
842 1597 1027 1648 permittit
1056 1597 1148 1643 suis,
1179 1595 1272 1647 quid
1294 1595 1351 1634 fa-

234 1651 412 1689 ciendum
431 1651 616 1704 videatur,
636 1651 859 1689 adventante
873 1651 922 1689 ad
940 1651 1088 1689 Urbem
1107 1650 1283 1697 Caesare.)

290 1757 617 1797 Considerandum
642 1758 747 1797 vobis
775 1759 888 1796 etiam
917 1766 1031 1810 atque
1055 1757 1183 1804 etiam,
1206 1756 1346 1796 animae

234 1824 344 1857 meae,
365 1812 563 1862 diligenter
587 1820 694 1863 puto,
725 1812 818 1863 quid
839 1812 1009 1856 faciatis;
1039 1812 1224 1849 Romaene
1248 1810 1342 1858 sitis,

235 1877 285 1902 an
303 1877 455 1902 mecum
473 1866 512 1902 in
527 1866 655 1916 aliquo
675 1874 756 1903 tuto
774 1865 867 1903 loco.
897 1865 946 1903 Id
964 1877 1040 1902 non
1068 1865 1191 1902 solum
1210 1876 1342 1908 meum

233 1918 433 1956 consilium
463 1926 531 1965 est,
563 1919 627 1956 sed
657 1919 771 1956 etiam
790 1926 968 1957 vestrum.
997 1917 1102 1955 Mihi
1120 1917 1277 1956 veniunt
1301 1918 1342 1955 in

233 1979 402 2009 mentem
419 1971 523 2009 haec:
555 1972 692 2010 Romae
710 1985 774 2010 vos
791 1985 871 2010 esse
895 1979 976 2010 tuto
1001 1983 1109 2021 posse
1132 1984 1199 2021 per
1218 1970 1345 2009 Dola-

232 2024 400 2069 bellam;
431 2038 590 2076 eamque
609 2039 687 2063 rem
707 2038 815 2076 posse
833 2025 941 2063 nobis
959 2025 1179 2074 adjumento
1197 2037 1289 2071 esse,
1310 2025 1342 2063 si

231 2091 309 2129 qua
326 2078 396 2124 vis,
417 2086 483 2116 aut
501 2079 532 2116 si
546 2093 632 2130 quae
649 2079 792 2130 rapinae
810 2078 891 2120 fieri
909 2078 1098 2131 coeperint.
1125 2077 1200 2116 Sed
1213 2090 1342 2116 rursus

232 2131 330 2169 illud
347 2144 410 2170 me
428 2140 567 2178 movet,
588 2133 691 2184 quod
706 2132 828 2179 video,
841 2145 974 2170 omnes
988 2134 1106 2171 bonos
1118 2132 1246 2169 abesse
1258 2132 1341 2180 Ro7

231 2184 308 2234 ma,
329 2193 365 2224 et
384 2198 446 2224 eos
461 2185 636 2225 mulieres
655 2199 740 2225 suas
759 2199 888 2227 secum
905 2186 1056 2225 habere.
1089 2185 1185 2224 Haee
1212 2191 1341 2237 autem
