<?xml version="1.0" encoding="UTF-8"?>
<!DOCTYPE html PUBLIC "-//W3C//DTD XHTML 1.0 Transitional//EN"
    "http://www.w3.org/TR/xhtml1/DTD/xhtml1-transitional.dtd">
<html xmlns="http://www.w3.org/1999/xhtml" xml:lang="en" lang="en">
 <head>
  <title>
</title>
<meta http-equiv="Content-Type" content="text/html;charset=utf-8" />
  <meta name='ocr-system' content='tesseract 3.04.00' />
  <meta name='ocr-capabilities' content='ocr_page ocr_carea ocr_par ocr_line ocrx_word'/>
</head>
<body>
  <div class='ocr_page' id='page_1' title='image "./operaern10ciceuoft_0028.png"; bbox 0 0 1513 2382; ppageno 0'>
   <div class='ocr_carea' id='block_1_1' title="bbox 191 115 1126 280">
    <p class='ocr_par' dir='ltr' id='par_1_1' title="bbox 191 115 1118 280">
     <span class='ocr_line' id='line_1_1' title="bbox 191 115 1118 158; baseline 0 -2"><span class='ocrx_word' id='word_1_1' title='bbox 191 118 240 157; x_wconf 80' lang='lat'><strong>14</strong></span> <span class='ocrx_word' id='word_1_2' title='bbox 348 116 432 158; x_wconf 83' lang='lat' dir='ltr'><strong>AD</strong></span> <span class='ocrx_word' id='word_1_3' title='bbox 452 115 749 158; x_wconf 72' lang='lat' dir='ltr'><strong>Divnnsos.</strong></span> <span class='ocrx_word' id='word_1_4' title='bbox 780 116 1118 157; x_wconf 73' lang='lat' dir='ltr'><strong>nm.X111.11.</strong></span> 
     </span>
     <span class='ocr_line' id='line_1_2' title="bbox 373 224 1126 280; baseline -0.001 -15"><span class='ocrx_word' id='word_1_5' title='bbox 373 227 490 280; x_wconf 87' lang='grc' dir='ltr'>(ιι.)</span> <span class='ocrx_word' id='word_1_6' title='bbox 519 225 643 266; x_wconf 85' lang='grc' dir='ltr'><strong>Μ..Τ</strong></span> <span class='ocrx_word' id='word_1_7' title='bbox 657 225 703 266; x_wconf 87' lang='lat' dir='ltr'><strong>c.</strong></span> <span class='ocrx_word' id='word_1_8' title='bbox 731 224 931 265; x_wconf 82' lang='lat' dir='ltr'><strong>BRUTO</strong></span> <span class='ocrx_word' id='word_1_9' title='bbox 958 226 998 266; x_wconf 89' lang='lat'><strong>5.</strong></span> <span class='ocrx_word' id='word_1_10' title='bbox 1011 226 1057 265; x_wconf 87' lang='lat' dir='ltr'><strong>P.</strong></span> <span class='ocrx_word' id='word_1_11' title='bbox 1071 225 1126 264; x_wconf 90' lang='lat' dir='ltr'><strong>D.</strong></span> 
     </span>
    </p>
   </div>
   <div class='ocr_carea' id='block_1_2' title="bbox 192 333 1304 495">
    <p class='ocr_par' dir='ltr' id='par_1_2' title="bbox 192 333 1304 495">
     <span class='ocr_line' id='line_1_3' title="bbox 247 333 1302 386; baseline -0.001 -12"><span class='ocrx_word' id='word_1_12' title='bbox 247 336 572 386; x_wconf 82' lang='lat' dir='ltr'><strong>(Argumentum.</strong></span> <span class='ocrx_word' id='word_1_13' title='bbox 600 357 652 365; x_wconf 93' lang='lat'>—</span> <span class='ocrx_word' id='word_1_14' title='bbox 674 334 931 375; x_wconf 86' lang='lat' dir='ltr'><strong>Commendat</strong></span> <span class='ocrx_word' id='word_1_15' title='bbox 947 335 1072 373; x_wconf 83' lang='lat' dir='ltr'><strong>Bruto</strong></span> <span class='ocrx_word' id='word_1_16' title='bbox 1089 333 1302 386; x_wconf 81' lang='lat' dir='ltr'><strong>vectigalia,</strong></span> 
     </span>
     <span class='ocr_line' id='line_1_4' title="bbox 192 387 1304 442; baseline -0.001 -14"><span class='ocrx_word' id='word_1_17' title='bbox 192 403 280 442; x_wconf 92' lang='lat' dir='ltr'><strong>quae</strong></span> <span class='ocrx_word' id='word_1_18' title='bbox 296 390 503 441; x_wconf 85' lang='lat' dir='ltr'><strong>Arpinates</strong></span> <span class='ocrx_word' id='word_1_19' title='bbox 520 389 561 426; x_wconf 93' lang='lat' dir='ltr'><strong>in</strong></span> <span class='ocrx_word' id='word_1_20' title='bbox 589 389 718 427; x_wconf 86' lang='lat' dir='ltr'><strong>Gallia</strong></span> <span class='ocrx_word' id='word_1_21' title='bbox 739 389 959 435; x_wconf 88' lang='lat' dir='ltr'><strong>habebant;</strong></span> <span class='ocrx_word' id='word_1_22' title='bbox 989 395 1026 426; x_wconf 90' lang='lat' dir='ltr'><strong>et</strong></span> <span class='ocrx_word' id='word_1_23' title='bbox 1049 388 1206 439; x_wconf 82' lang='lat' dir='ltr'><strong>legatos,</strong></span> <span class='ocrx_word' id='word_1_24' title='bbox 1234 387 1304 440; x_wconf 88' lang='lat' dir='ltr'><strong>qui</strong></span> 
     </span>
     <span class='ocr_line' id='line_1_5' title="bbox 192 443 885 495; baseline -0.001 -13"><span class='ocrx_word' id='word_1_25' title='bbox 192 443 242 482; x_wconf 82' lang='lat' dir='ltr'><strong>ad</strong></span> <span class='ocrx_word' id='word_1_26' title='bbox 261 457 305 482; x_wconf 90' lang='lat' dir='ltr'><strong>ea</strong></span> <span class='ocrx_word' id='word_1_27' title='bbox 323 443 509 495; x_wconf 85' lang='lat' dir='ltr'><strong>exigenda</strong></span> <span class='ocrx_word' id='word_1_28' title='bbox 526 443 885 494; x_wconf 88' lang='lat' dir='ltr'><strong>proficiscebantur.)</strong></span> 
     </span>
    </p>
   </div>
   <div class='ocr_carea' id='block_1_3' title="bbox 697 520 806 526">
    <p class='ocr_par' dir='ltr' id='par_1_3' title="bbox 697 520 806 526">
     <span class='ocr_line' id='line_1_6' title="bbox 697 520 806 526; baseline 0 0"><span class='ocrx_word' id='word_1_29' title='bbox 697 520 806 526; x_wconf 95' lang='lat' dir='ltr'><strong> </strong></span> 
     </span>
    </p>
   </div>
   <div class='ocr_carea' id='block_1_4' title="bbox 194 549 1336 2267">
    <p class='ocr_par' dir='ltr' id='par_1_4' title="bbox 194 549 1313 1243">
     <span class='ocr_line' id='line_1_7' title="bbox 247 549 1303 602; baseline -0.001 -13"><span class='ocrx_word' id='word_1_30' title='bbox 247 550 353 598; x_wconf 86' lang='lat' dir='ltr'><strong>Quia</strong></span> <span class='ocrx_word' id='word_1_31' title='bbox 371 563 518 602; x_wconf 88' lang='lat' dir='ltr'><strong>semper</strong></span> <span class='ocrx_word' id='word_1_32' title='bbox 529 550 792 598; x_wconf 88' lang='lat' dir='ltr'><strong>animadverti,</strong></span> <span class='ocrx_word' id='word_1_33' title='bbox 809 549 973 588; x_wconf 87' lang='lat' dir='ltr'><strong>studiose</strong></span> <span class='ocrx_word' id='word_1_34' title='bbox 982 557 1020 589; x_wconf 87' lang='lat' dir='ltr'><strong>te</strong></span> <span class='ocrx_word' id='word_1_35' title='bbox 1033 562 1188 602; x_wconf 89' lang='lat' dir='ltr'><strong>operam</strong></span> <span class='ocrx_word' id='word_1_36' title='bbox 1199 549 1303 599; x_wconf 88' lang='lat' dir='ltr'><strong>dare,</strong></span> 
     </span>
     <span class='ocr_line' id='line_1_8' title="bbox 194 604 1306 666; baseline 0 -23"><span class='ocrx_word' id='word_1_37' title='bbox 194 612 239 643; x_wconf 89' lang='lat' dir='ltr'><strong>ut</strong></span> <span class='ocrx_word' id='word_1_38' title='bbox 266 617 315 642; x_wconf 90' lang='lat' dir='ltr'><strong>ne</strong></span> <span class='ocrx_word' id='word_1_39' title='bbox 344 605 438 656; x_wconf 87' lang='lat' dir='ltr'><strong>quid</strong></span> <span class='ocrx_word' id='word_1_40' title='bbox 466 618 640 643; x_wconf 88' lang='lat' dir='ltr'><strong>meorum</strong></span> <span class='ocrx_word' id='word_1_41' title='bbox 665 604 735 643; x_wconf 87' lang='lat' dir='ltr'><strong>tibi</strong></span> <span class='ocrx_word' id='word_1_42' title='bbox 757 611 852 643; x_wconf 87' lang='lat' dir='ltr'><strong>esset</strong></span> <span class='ocrx_word' id='word_1_43' title='bbox 873 604 1077 666; x_wconf 79' lang='lat' dir='ltr'><strong>ignotum3</strong></span> <span class='ocrx_word' id='word_1_44' title='bbox 1106 611 1306 656; x_wconf 85' lang='lat' dir='ltr'><strong>propterea</strong></span> 
     </span>
     <span class='ocr_line' id='line_1_9' title="bbox 195 657 1307 710; baseline 0.001 -15"><span class='ocrx_word' id='word_1_45' title='bbox 195 670 273 697; x_wconf 90' lang='lat' dir='ltr'><strong>non</strong></span> <span class='ocrx_word' id='word_1_46' title='bbox 292 658 439 705; x_wconf 87' lang='lat' dir='ltr'><strong>dubito,</strong></span> <span class='ocrx_word' id='word_1_47' title='bbox 470 658 565 710; x_wconf 89' lang='lat' dir='ltr'><strong>quin</strong></span> <span class='ocrx_word' id='word_1_48' title='bbox 593 659 699 705; x_wconf 87' lang='lat' dir='ltr'><strong>scias,</strong></span> <span class='ocrx_word' id='word_1_49' title='bbox 726 670 803 696; x_wconf 90' lang='lat' dir='ltr'><strong>non</strong></span> <span class='ocrx_word' id='word_1_50' title='bbox 831 657 957 696; x_wconf 89' lang='lat' dir='ltr'><strong>solum</strong></span> <span class='ocrx_word' id='word_1_51' title='bbox 975 659 1085 707; x_wconf 88' lang='lat' dir='ltr'><strong>cujus</strong></span> <span class='ocrx_word' id='word_1_52' title='bbox 1105 658 1307 709; x_wconf 89' lang='lat' dir='ltr'><strong>municipii</strong></span> 
     </span>
     <span class='ocr_line' id='line_1_10' title="bbox 195 711 1308 763; baseline -0.001 -13"><span class='ocrx_word' id='word_1_53' title='bbox 195 712 283 759; x_wconf 90' lang='lat' dir='ltr'><strong>sim,</strong></span> <span class='ocrx_word' id='word_1_54' title='bbox 304 712 371 750; x_wconf 88' lang='lat' dir='ltr'><strong>sed</strong></span> <span class='ocrx_word' id='word_1_55' title='bbox 389 712 518 759; x_wconf 80' lang='lat' dir='ltr'><strong>etiam,</strong></span> <span class='ocrx_word' id='word_1_56' title='bbox 533 725 651 763; x_wconf 90' lang='lat' dir='ltr'><strong>quam</strong></span> <span class='ocrx_word' id='word_1_57' title='bbox 670 711 869 762; x_wconf 80' lang='lat' dir='ltr'><strong>diligenter</strong></span> <span class='ocrx_word' id='word_1_58' title='bbox 887 711 1031 749; x_wconf 84' lang='lat' dir='ltr'><strong>soleam</strong></span> <span class='ocrx_word' id='word_1_59' title='bbox 1055 724 1160 749; x_wconf 87' lang='lat' dir='ltr'><strong>meos</strong></span> <span class='ocrx_word' id='word_1_60' title='bbox 1177 711 1308 750; x_wconf 89' lang='lat' dir='ltr'><strong>muni-</strong></span> 
     </span>
     <span class='ocr_line' id='line_1_11' title="bbox 196 764 1308 817; baseline 0 -13"><span class='ocrx_word' id='word_1_61' title='bbox 196 766 313 817; x_wconf 85' lang='lat' dir='ltr'><strong>cipes,</strong></span> <span class='ocrx_word' id='word_1_62' title='bbox 326 766 546 816; x_wconf 85' lang='lat' dir='ltr'><strong>Arpinates,</strong></span> <span class='ocrx_word' id='word_1_63' title='bbox 560 766 668 803; x_wconf 86' lang='lat' dir='ltr'><strong>tueri.</strong></span> <span class='ocrx_word' id='word_1_64' title='bbox 700 765 879 812; x_wconf 87' lang='lat' dir='ltr'><strong>Quorum</strong></span> <span class='ocrx_word' id='word_1_65' title='bbox 893 764 1050 816; x_wconf 85' lang='lat' dir='ltr'><strong>quidem</strong></span> <span class='ocrx_word' id='word_1_66' title='bbox 1065 765 1194 804; x_wconf 83' lang='lat' dir='ltr'><strong>omnia</strong></span> <span class='ocrx_word' id='word_1_67' title='bbox 1204 778 1308 804; x_wconf 87' lang='lat' dir='ltr'><strong>com-</strong></span> 
     </span>
     <span class='ocr_line' id='line_1_12' title="bbox 197 819 1308 870; baseline 0 -13"><span class='ocrx_word' id='word_1_68' title='bbox 197 820 325 866; x_wconf 87' lang='lat' dir='ltr'><strong>moda,</strong></span> <span class='ocrx_word' id='word_1_69' title='bbox 341 832 547 870; x_wconf 87' lang='lat' dir='ltr'><strong>omnesque</strong></span> <span class='ocrx_word' id='word_1_70' title='bbox 561 819 772 866; x_wconf 76' lang='lat' dir='ltr'><strong>facultates,</strong></span> <span class='ocrx_word' id='word_1_71' title='bbox 786 819 926 869; x_wconf 90' lang='lat' dir='ltr'><strong>quibus</strong></span> <span class='ocrx_word' id='word_1_72' title='bbox 941 825 978 856; x_wconf 91' lang='lat' dir='ltr'><strong>et</strong></span> <span class='ocrx_word' id='word_1_73' title='bbox 996 831 1101 856; x_wconf 83' lang='lat' dir='ltr'><strong>sacra</strong></span> <span class='ocrx_word' id='word_1_74' title='bbox 1114 819 1308 868; x_wconf 89' lang='lat' dir='ltr'><strong>conficere,</strong></span> 
     </span>
     <span class='ocr_line' id='line_1_13' title="bbox 198 872 1313 923; baseline -0.002 -12"><span class='ocrx_word' id='word_1_75' title='bbox 198 881 235 912; x_wconf 87' lang='lat' dir='ltr'><strong>et</strong></span> <span class='ocrx_word' id='word_1_76' title='bbox 255 880 353 911; x_wconf 85' lang='lat' dir='ltr'><strong>sarta</strong></span> <span class='ocrx_word' id='word_1_77' title='bbox 373 880 468 911; x_wconf 83' lang='lat' dir='ltr'><strong>tecta</strong></span> <span class='ocrx_word' id='word_1_78' title='bbox 487 872 628 910; x_wconf 86' lang='lat' dir='ltr'><strong>aedium</strong></span> <span class='ocrx_word' id='word_1_79' title='bbox 650 885 855 918; x_wconf 86' lang='lat' dir='ltr'><strong>sacrarum,</strong></span> <span class='ocrx_word' id='word_1_80' title='bbox 875 872 1122 923; x_wconf 91' lang='lat' dir='ltr'><strong>locorumque</strong></span> <span class='ocrx_word' id='word_1_81' title='bbox 1140 885 1313 910; x_wconf 87' lang='lat' dir='ltr'><strong>commu-</strong></span> 
     </span>
     <span class='ocr_line' id='line_1_14' title="bbox 198 924 1310 977; baseline 0.001 -13"><span class='ocrx_word' id='word_1_82' title='bbox 198 927 324 972; x_wconf 86' lang='lat' dir='ltr'><strong>nium,</strong></span> <span class='ocrx_word' id='word_1_83' title='bbox 355 926 453 964; x_wconf 90' lang='lat' dir='ltr'><strong>tueri</strong></span> <span class='ocrx_word' id='word_1_84' title='bbox 484 926 642 977; x_wconf 78' lang='lat' dir='ltr'><strong>possint,</strong></span> <span class='ocrx_word' id='word_1_85' title='bbox 669 925 880 963; x_wconf 89' lang='lat' dir='ltr'><strong>consistunt</strong></span> <span class='ocrx_word' id='word_1_86' title='bbox 904 924 946 962; x_wconf 92' lang='lat' dir='ltr'><strong>in</strong></span> <span class='ocrx_word' id='word_1_87' title='bbox 964 925 1024 963; x_wconf 93' lang='lat' dir='ltr'><strong>his</strong></span> <span class='ocrx_word' id='word_1_88' title='bbox 1048 925 1310 976; x_wconf 82' lang='lat' dir='ltr'><strong>vectigalibus,</strong></span> 
     </span>
     <span class='ocr_line' id='line_1_15' title="bbox 199 978 1313 1032; baseline 0 -14"><span class='ocrx_word' id='word_1_89' title='bbox 199 994 286 1032; x_wconf 86' lang='lat' dir='ltr'><strong>quae</strong></span> <span class='ocrx_word' id='word_1_90' title='bbox 303 980 445 1018; x_wconf 79' lang='lat' dir='ltr'><strong>habent</strong></span> <span class='ocrx_word' id='word_1_91' title='bbox 469 980 510 1017; x_wconf 91' lang='lat' dir='ltr'><strong>in</strong></span> <span class='ocrx_word' id='word_1_92' title='bbox 528 979 723 1031; x_wconf 72' lang='lat' dir='ltr'><strong>provincia</strong></span> <span class='ocrx_word' id='word_1_93' title='bbox 742 978 880 1017; x_wconf 70' lang='lat' dir='ltr'><strong>Gallia.</strong></span> <span class='ocrx_word' id='word_1_94' title='bbox 909 978 979 1016; x_wconf 92' lang='lat' dir='ltr'><strong>Ad</strong></span> <span class='ocrx_word' id='word_1_95' title='bbox 997 992 1041 1018; x_wconf 90' lang='lat' dir='ltr'><strong>ea</strong></span> <span class='ocrx_word' id='word_1_96' title='bbox 1058 979 1226 1028; x_wconf 79' lang='lat' dir='ltr'><strong>visenda,</strong></span> <span class='ocrx_word' id='word_1_97' title='bbox 1245 993 1313 1031; x_wconf 89' lang='lat' dir='ltr'><strong>pe-</strong></span> 
     </span>
     <span class='ocr_line' id='line_1_16' title="bbox 200 1032 1313 1085; baseline 0 -13"><span class='ocrx_word' id='word_1_98' title='bbox 200 1034 421 1084; x_wconf 89' lang='lat' dir='ltr'><strong>cuniasque,</strong></span> <span class='ocrx_word' id='word_1_99' title='bbox 453 1047 541 1085; x_wconf 89' lang='lat' dir='ltr'><strong>quae</strong></span> <span class='ocrx_word' id='word_1_100' title='bbox 569 1047 592 1071; x_wconf 88' lang='lat' dir='ltr'><strong>a</strong></span> <span class='ocrx_word' id='word_1_101' title='bbox 621 1033 762 1072; x_wconf 89' lang='lat' dir='ltr'><strong>colonis</strong></span> <span class='ocrx_word' id='word_1_102' title='bbox 791 1032 992 1080; x_wconf 86' lang='lat' dir='ltr'><strong>debentur,</strong></span> <span class='ocrx_word' id='word_1_103' title='bbox 1016 1032 1234 1083; x_wconf 78' lang='lat' dir='ltr'><strong>exigendas,</strong></span> <span class='ocrx_word' id='word_1_104' title='bbox 1254 1041 1313 1072; x_wconf 85' lang='lat' dir='ltr'><strong>to-</strong></span> 
     </span>
     <span class='ocr_line' id='line_1_17' title="bbox 199 1085 1310 1139; baseline -0.002 -13"><span class='ocrx_word' id='word_1_105' title='bbox 199 1096 356 1139; x_wconf 84' lang='lat' dir='ltr'><strong>tamque</strong></span> <span class='ocrx_word' id='word_1_106' title='bbox 388 1100 470 1125; x_wconf 89' lang='lat' dir='ltr'><strong>rem</strong></span> <span class='ocrx_word' id='word_1_107' title='bbox 498 1094 534 1124; x_wconf 89' lang='lat' dir='ltr'><strong>et</strong></span> <span class='ocrx_word' id='word_1_108' title='bbox 563 1086 862 1137; x_wconf 88' lang='lat' dir='ltr'><strong>cognoscendam</strong></span> <span class='ocrx_word' id='word_1_109' title='bbox 887 1094 926 1124; x_wconf 89' lang='lat' dir='ltr'><strong>et</strong></span> <span class='ocrx_word' id='word_1_110' title='bbox 955 1085 1310 1135; x_wconf 84' lang='lat' dir='ltr'><strong>administrandam,</strong></span> 
     </span>
     <span class='ocr_line' id='line_1_18' title="bbox 200 1139 1312 1192; baseline -0.002 -12"><span class='ocrx_word' id='word_1_111' title='bbox 200 1142 344 1192; x_wconf 86' lang='lat' dir='ltr'><strong>legatos</strong></span> <span class='ocrx_word' id='word_1_112' title='bbox 377 1141 520 1192; x_wconf 87' lang='lat' dir='ltr'><strong>equites</strong></span> <span class='ocrx_word' id='word_1_113' title='bbox 558 1141 754 1178; x_wconf 83' lang='lat' dir='ltr'><strong>Romanos</strong></span> <span class='ocrx_word' id='word_1_114' title='bbox 790 1139 979 1187; x_wconf 89' lang='lat' dir='ltr'><strong>misimus,</strong></span> <span class='ocrx_word' id='word_1_115' title='bbox 1014 1139 1066 1188; x_wconf 89' lang='lat' dir='ltr'><strong>Q.</strong></span> <span class='ocrx_word' id='word_1_116' title='bbox 1098 1140 1312 1190; x_wconf 87' lang='lat' dir='ltr'><strong>Fufidium,</strong></span> 
     </span>
     <span class='ocr_line' id='line_1_19' title="bbox 204 1193 1241 1243; baseline -0.001 -11"><span class='ocrx_word' id='word_1_117' title='bbox 204 1195 255 1243; x_wconf 89' lang='lat' dir='ltr'><strong>Q.</strong></span> <span class='ocrx_word' id='word_1_118' title='bbox 270 1195 315 1233; x_wconf 88' lang='lat' dir='ltr'><strong>F.</strong></span> <span class='ocrx_word' id='word_1_119' title='bbox 332 1194 394 1232; x_wconf 55' lang='lat'><strong>³11.</strong></span> <span class='ocrx_word' id='word_1_120' title='bbox 415 1194 619 1239; x_wconf 87' lang='lat' dir='ltr'><strong>Faucium,</strong></span> <span class='ocrx_word' id='word_1_121' title='bbox 641 1193 703 1231; x_wconf 86' lang='lat' dir='ltr'><strong>M.</strong></span> <span class='ocrx_word' id='word_1_122' title='bbox 716 1193 762 1231; x_wconf 97' lang='lat' dir='ltr'><strong>F.</strong></span> <span class='ocrx_word' id='word_1_123' title='bbox 779 1193 831 1240; x_wconf 90' lang='lat' dir='ltr'><strong>Q.</strong></span> <span class='ocrx_word' id='word_1_124' title='bbox 853 1193 1181 1241; x_wconf 82' lang='lat' dir='ltr'><strong>Mamercum,Q.</strong></span> <span class='ocrx_word' id='word_1_125' title='bbox 1196 1194 1241 1231; x_wconf 88' lang='lat' dir='ltr'><strong>F.</strong></span> 
     </span>
    </p>

    <p class='ocr_par' dir='ltr' id='par_1_5' title="bbox 203 1247 1319 1568">
     <span class='ocr_line' id='line_1_20' title="bbox 257 1247 1317 1308; baseline 0 -22"><span class='ocrx_word' id='word_1_126' title='bbox 257 1249 354 1286; x_wconf 85' lang='lat' dir='ltr'><strong>Peto</strong></span> <span class='ocrx_word' id='word_1_127' title='bbox 372 1262 395 1286; x_wconf 90' lang='lat' dir='ltr'><strong>a</strong></span> <span class='ocrx_word' id='word_1_128' title='bbox 412 1256 450 1286; x_wconf 93' lang='lat' dir='ltr'><strong>te</strong></span> <span class='ocrx_word' id='word_1_129' title='bbox 466 1249 653 1297; x_wconf 86' lang='lat' dir='ltr'><strong>majorem</strong></span> <span class='ocrx_word' id='word_1_130' title='bbox 671 1247 712 1284; x_wconf 93' lang='lat' dir='ltr'><strong>in</strong></span> <span class='ocrx_word' id='word_1_131' title='bbox 730 1247 904 1308; x_wconf 82' lang='lat' dir='ltr'><strong>modum,</strong></span> <span class='ocrx_word' id='word_1_132' title='bbox 925 1259 994 1298; x_wconf 93' lang='lat' dir='ltr'><strong>pro</strong></span> <span class='ocrx_word' id='word_1_133' title='bbox 1012 1248 1140 1286; x_wconf 86' lang='lat' dir='ltr'><strong>nostra</strong></span> <span class='ocrx_word' id='word_1_134' title='bbox 1158 1248 1317 1287; x_wconf 61' lang='lat' dir='ltr'><strong>necessi-</strong></span> 
     </span>
     <span class='ocr_line' id='line_1_21' title="bbox 203 1300 1319 1352; baseline -0.001 -11"><span class='ocrx_word' id='word_1_135' title='bbox 203 1302 350 1349; x_wconf 87' lang='lat' dir='ltr'><strong>tudine,</strong></span> <span class='ocrx_word' id='word_1_136' title='bbox 381 1309 425 1340; x_wconf 90' lang='lat' dir='ltr'><strong>ut</strong></span> <span class='ocrx_word' id='word_1_137' title='bbox 454 1301 526 1340; x_wconf 89' lang='lat' dir='ltr'><strong>tibi</strong></span> <span class='ocrx_word' id='word_1_138' title='bbox 555 1314 598 1339; x_wconf 88' lang='lat' dir='ltr'><strong>ea</strong></span> <span class='ocrx_word' id='word_1_139' title='bbox 627 1314 686 1339; x_wconf 60' lang='lat' dir='ltr'><strong>res</strong></span> <span class='ocrx_word' id='word_1_140' title='bbox 710 1313 810 1339; x_wconf 86' lang='lat' dir='ltr'><strong>curae</strong></span> <span class='ocrx_word' id='word_1_141' title='bbox 840 1300 901 1348; x_wconf 88' lang='lat' dir='ltr'><strong>5it,</strong></span> <span class='ocrx_word' id='word_1_142' title='bbox 925 1313 1156 1352; x_wconf 87' lang='lat' dir='ltr'><strong>operamque</strong></span> <span class='ocrx_word' id='word_1_143' title='bbox 1173 1301 1253 1349; x_wconf 63' lang='grc' dir='ltr'>(ἰαῦ,</span> <span class='ocrx_word' id='word_1_144' title='bbox 1273 1308 1319 1340; x_wconf 88' lang='lat' dir='ltr'><strong>ut</strong></span> 
     </span>
     <span class='ocr_line' id='line_1_22' title="bbox 203 1354 1318 1408; baseline 0 -14"><span class='ocrx_word' id='word_1_145' title='bbox 203 1369 272 1408; x_wconf 91' lang='lat' dir='ltr'><strong>per</strong></span> <span class='ocrx_word' id='word_1_146' title='bbox 290 1363 328 1393; x_wconf 90' lang='lat' dir='ltr'><strong>te</strong></span> <span class='ocrx_word' id='word_1_147' title='bbox 347 1368 464 1406; x_wconf 87' lang='lat' dir='ltr'><strong>quam</strong></span> <span class='ocrx_word' id='word_1_148' title='bbox 484 1354 788 1394; x_wconf 88' lang='lat' dir='ltr'><strong>commodissime</strong></span> <span class='ocrx_word' id='word_1_149' title='bbox 817 1354 1014 1406; x_wconf 88' lang='lat' dir='ltr'><strong>negotium</strong></span> <span class='ocrx_word' id='word_1_150' title='bbox 1031 1355 1233 1406; x_wconf 89' lang='lat' dir='ltr'><strong>municipii</strong></span> <span class='ocrx_word' id='word_1_151' title='bbox 1250 1355 1318 1394; x_wconf 86' lang='lat' dir='ltr'><strong>ad-</strong></span> 
     </span>
     <span class='ocr_line' id='line_1_23' title="bbox 203 1407 1318 1469; baseline -0.001 -21"><span class='ocrx_word' id='word_1_152' title='bbox 203 1410 455 1455; x_wconf 85' lang='lat' dir='ltr'><strong>ministretur,</strong></span> <span class='ocrx_word' id='word_1_153' title='bbox 472 1421 591 1469; x_wconf 90' lang='lat' dir='ltr'><strong>quam</strong></span> <span class='ocrx_word' id='word_1_154' title='bbox 603 1408 850 1469; x_wconf 83' lang='lat' dir='ltr'><strong>primumque</strong></span> <span class='ocrx_word' id='word_1_155' title='bbox 861 1407 1105 1454; x_wconf 80' lang='lat' dir='ltr'><strong>conficiatur3</strong></span> <span class='ocrx_word' id='word_1_156' title='bbox 1126 1408 1318 1461; x_wconf 86' lang='lat' dir='ltr'><strong>ipsosque,</strong></span> 
     </span>
     <span class='ocr_line' id='line_1_24' title="bbox 205 1461 1318 1515; baseline 0 -14"><span class='ocrx_word' id='word_1_157' title='bbox 205 1475 372 1515; x_wconf 90' lang='lat' dir='ltr'><strong>quorum</strong></span> <span class='ocrx_word' id='word_1_158' title='bbox 390 1463 547 1500; x_wconf 87' lang='lat' dir='ltr'><strong>nomina</strong></span> <span class='ocrx_word' id='word_1_159' title='bbox 565 1461 710 1513; x_wconf 89' lang='lat' dir='ltr'><strong>scripsi,</strong></span> <span class='ocrx_word' id='word_1_160' title='bbox 730 1469 775 1500; x_wconf 89' lang='lat' dir='ltr'><strong>ut</strong></span> <span class='ocrx_word' id='word_1_161' title='bbox 792 1475 910 1513; x_wconf 88' lang='lat' dir='ltr'><strong>quam</strong></span> <span class='ocrx_word' id='word_1_162' title='bbox 927 1461 1318 1512; x_wconf 87' lang='lat' dir='ltr'><strong>honorificentissime,</strong></span> 
     </span>
     <span class='ocr_line' id='line_1_25' title="bbox 205 1515 1185 1568; baseline 0 -13"><span class='ocrx_word' id='word_1_163' title='bbox 205 1529 276 1568; x_wconf 90' lang='lat' dir='ltr'><strong>pro</strong></span> <span class='ocrx_word' id='word_1_164' title='bbox 294 1516 362 1554; x_wconf 87' lang='lat' dir='ltr'><strong>tua</strong></span> <span class='ocrx_word' id='word_1_165' title='bbox 380 1515 530 1563; x_wconf 89' lang='lat' dir='ltr'><strong>natura,</strong></span> <span class='ocrx_word' id='word_1_166' title='bbox 550 1523 588 1554; x_wconf 91' lang='lat' dir='ltr'><strong>et</strong></span> <span class='ocrx_word' id='word_1_167' title='bbox 606 1528 725 1566; x_wconf 90' lang='lat' dir='ltr'><strong>quam</strong></span> <span class='ocrx_word' id='word_1_168' title='bbox 742 1515 1020 1564; x_wconf 88' lang='lat' dir='ltr'><strong>liberalissime,</strong></span> <span class='ocrx_word' id='word_1_169' title='bbox 1040 1523 1185 1555; x_wconf 54' lang='lat' dir='ltr'><strong>tractes.</strong></span> 
     </span>
    </p>

    <p class='ocr_par' dir='ltr' id='par_1_6' title="bbox 207 1569 1336 2267">
     <span class='ocr_line' id='line_1_26' title="bbox 261 1569 1319 1620; baseline 0.001 -12"><span class='ocrx_word' id='word_1_170' title='bbox 261 1571 392 1608; x_wconf 92' lang='lat' dir='ltr'><strong>Bonos</strong></span> <span class='ocrx_word' id='word_1_171' title='bbox 411 1570 509 1608; x_wconf 87' lang='lat' dir='ltr'><strong>viros</strong></span> <span class='ocrx_word' id='word_1_172' title='bbox 527 1569 576 1607; x_wconf 84' lang='lat' dir='ltr'><strong>ad</strong></span> <span class='ocrx_word' id='word_1_173' title='bbox 605 1577 714 1607; x_wconf 89' lang='lat' dir='ltr'><strong>tuam</strong></span> <span class='ocrx_word' id='word_1_174' title='bbox 732 1569 1047 1608; x_wconf 82' lang='lat' dir='ltr'><strong>necessitudinem</strong></span> <span class='ocrx_word' id='word_1_175' title='bbox 1073 1569 1318 1620; x_wconf 83' lang='lat' dir='ltr'><strong>adjunxeris·</strong></span> <span class='ocrx_word' id='word_1_176' title='bbox 1306 1599 1319 1617; x_wconf 90' lang='lat'><strong>‚</strong></span> 
     </span>
     <span class='ocr_line' id='line_1_27' title="bbox 207 1623 1323 1685; baseline 0.001 -23"><span class='ocrx_word' id='word_1_177' title='bbox 207 1623 540 1685; x_wconf 81' lang='lat' dir='ltr'><strong>municipiumque</strong></span> <span class='ocrx_word' id='word_1_178' title='bbox 564 1623 824 1673; x_wconf 75' lang='lat' dir='ltr'><strong>gratissimum</strong></span> <span class='ocrx_word' id='word_1_179' title='bbox 844 1623 1028 1662; x_wconf 90' lang='lat' dir='ltr'><strong>beneficio</strong></span> <span class='ocrx_word' id='word_1_180' title='bbox 1053 1633 1121 1662; x_wconf 90' lang='lat' dir='ltr'><strong>tuo</strong></span> <span class='ocrx_word' id='word_1_181' title='bbox 1143 1623 1323 1663; x_wconf 79' lang='lat' dir='ltr'><strong>devinxe-</strong></span> 
     </span>
     <span class='ocr_line' id='line_1_28' title="bbox 208 1676 1324 1729; baseline 0.001 -13"><span class='ocrx_word' id='word_1_182' title='bbox 208 1679 284 1716; x_wconf 89' lang='lat' dir='ltr'><strong>ris·</strong></span> <span class='ocrx_word' id='word_1_183' title='bbox 315 1677 411 1715; x_wconf 91' lang='lat' dir='ltr'><strong>mihi</strong></span> <span class='ocrx_word' id='word_1_184' title='bbox 431 1689 518 1715; x_wconf 89' lang='lat' dir='ltr'><strong>vero</strong></span> <span class='ocrx_word' id='word_1_185' title='bbox 548 1677 664 1715; x_wconf 87' lang='lat' dir='ltr'><strong>etiam</strong></span> <span class='ocrx_word' id='word_1_186' title='bbox 689 1690 732 1715; x_wconf 89' lang='lat' dir='ltr'><strong>eo</strong></span> <span class='ocrx_word' id='word_1_187' title='bbox 755 1676 898 1728; x_wconf 88' lang='lat' dir='ltr'><strong>gratius</strong></span> <span class='ocrx_word' id='word_1_188' title='bbox 927 1676 1071 1725; x_wconf 84' lang='lat' dir='ltr'><strong>feceris,</strong></span> <span class='ocrx_word' id='word_1_189' title='bbox 1097 1678 1214 1729; x_wconf 73' lang='lat' dir='ltr'><strong>quod,</strong></span> <span class='ocrx_word' id='word_1_190' title='bbox 1233 1691 1324 1717; x_wconf 89' lang='lat' dir='ltr'><strong>cum</strong></span> 
     </span>
     <span class='ocr_line' id='line_1_29' title="bbox 210 1730 1327 1782; baseline 0.001 -13"><span class='ocrx_word' id='word_1_191' title='bbox 210 1745 359 1782; x_wconf 89' lang='lat' dir='ltr'><strong>semper</strong></span> <span class='ocrx_word' id='word_1_192' title='bbox 378 1731 475 1769; x_wconf 85' lang='lat' dir='ltr'><strong>tueri</strong></span> <span class='ocrx_word' id='word_1_193' title='bbox 493 1730 705 1781; x_wconf 52' lang='lat' dir='ltr'><strong>municipes</strong></span> <span class='ocrx_word' id='word_1_194' title='bbox 734 1743 839 1769; x_wconf 89' lang='lat' dir='ltr'><strong>meos</strong></span> <span class='ocrx_word' id='word_1_195' title='bbox 858 1730 1048 1779; x_wconf 86' lang='lat' dir='ltr'><strong>consuevi,</strong></span> <span class='ocrx_word' id='word_1_196' title='bbox 1068 1739 1153 1770; x_wconf 89' lang='lat' dir='ltr'><strong>tum</strong></span> <span class='ocrx_word' id='word_1_197' title='bbox 1170 1731 1234 1770; x_wconf 89' lang='lat' dir='ltr'><strong>hic</strong></span> <span class='ocrx_word' id='word_1_198' title='bbox 1257 1744 1327 1770; x_wconf 89' lang='lat' dir='ltr'><strong>an-</strong></span> 
     </span>
     <span class='ocr_line' id='line_1_30' title="bbox 209 1784 1325 1836; baseline 0.001 -13"><span class='ocrx_word' id='word_1_199' title='bbox 209 1798 283 1823; x_wconf 91' lang='lat' dir='ltr'><strong>nus</strong></span> <span class='ocrx_word' id='word_1_200' title='bbox 301 1785 490 1836; x_wconf 85' lang='lat' dir='ltr'><strong>praecipue</strong></span> <span class='ocrx_word' id='word_1_201' title='bbox 521 1784 570 1822; x_wconf 89' lang='lat' dir='ltr'><strong>ad</strong></span> <span class='ocrx_word' id='word_1_202' title='bbox 591 1797 719 1822; x_wconf 88' lang='lat' dir='ltr'><strong>meam</strong></span> <span class='ocrx_word' id='word_1_203' title='bbox 738 1797 869 1822; x_wconf 88' lang='lat' dir='ltr'><strong>curam</strong></span> <span class='ocrx_word' id='word_1_204' title='bbox 889 1784 1132 1836; x_wconf 91' lang='lat' dir='ltr'><strong>officiumque</strong></span> <span class='ocrx_word' id='word_1_205' title='bbox 1150 1785 1325 1836; x_wconf 85' lang='lat' dir='ltr'><strong>pertinet.</strong></span> 
     </span>
     <span class='ocr_line' id='line_1_31' title="bbox 212 1838 1331 1889; baseline 0 -12"><span class='ocrx_word' id='word_1_206' title='bbox 212 1839 334 1884; x_wconf 90' lang='lat' dir='ltr'><strong>Nam,</strong></span> <span class='ocrx_word' id='word_1_207' title='bbox 363 1838 615 1876; x_wconf 86' lang='lat' dir='ltr'><strong>constituendi</strong></span> <span class='ocrx_word' id='word_1_208' title='bbox 641 1838 842 1889; x_wconf 89' lang='lat' dir='ltr'><strong>municipii</strong></span> <span class='ocrx_word' id='word_1_209' title='bbox 864 1851 992 1886; x_wconf 83' lang='lat' dir='ltr'><strong>causa,</strong></span> <span class='ocrx_word' id='word_1_210' title='bbox 1012 1839 1084 1877; x_wconf 91' lang='lat' dir='ltr'><strong>hoc</strong></span> <span class='ocrx_word' id='word_1_211' title='bbox 1109 1851 1209 1878; x_wconf 90' lang='lat' dir='ltr'><strong>anno</strong></span> <span class='ocrx_word' id='word_1_212' title='bbox 1239 1839 1331 1877; x_wconf 83' lang='lat' dir='ltr'><strong>aedi-</strong></span> 
     </span>
     <span class='ocr_line' id='line_1_32' title="bbox 211 1891 1333 1940; baseline 0 -9"><span class='ocrx_word' id='word_1_213' title='bbox 211 1893 288 1931; x_wconf 90' lang='lat' dir='ltr'><strong>lem</strong></span> <span class='ocrx_word' id='word_1_214' title='bbox 309 1892 434 1930; x_wconf 88' lang='lat' dir='ltr'><strong>filium</strong></span> <span class='ocrx_word' id='word_1_215' title='bbox 452 1904 584 1930; x_wconf 90' lang='lat' dir='ltr'><strong>meum</strong></span> <span class='ocrx_word' id='word_1_216' title='bbox 603 1891 684 1929; x_wconf 90' lang='lat' dir='ltr'><strong>fieri</strong></span> <span class='ocrx_word' id='word_1_217' title='bbox 703 1892 822 1938; x_wconf 89' lang='lat' dir='ltr'><strong>volui,</strong></span> <span class='ocrx_word' id='word_1_218' title='bbox 843 1898 881 1930; x_wconf 89' lang='lat' dir='ltr'><strong>et</strong></span> <span class='ocrx_word' id='word_1_219' title='bbox 897 1892 1027 1930; x_wconf 87' lang='lat' dir='ltr'><strong>fratris</strong></span> <span class='ocrx_word' id='word_1_220' title='bbox 1052 1892 1192 1940; x_wconf 87' lang='lat' dir='ltr'><strong>filium,</strong></span> <span class='ocrx_word' id='word_1_221' title='bbox 1213 1900 1250 1931; x_wconf 89' lang='lat' dir='ltr'><strong>et</strong></span> <span class='ocrx_word' id='word_1_222' title='bbox 1268 1893 1333 1931; x_wconf 91' lang='grc' dir='ltr'><strong>Μ.</strong></span> 
     </span>
     <span class='ocr_line' id='line_1_33' title="bbox 215 1945 1333 1998; baseline 0.001 -14"><span class='ocrx_word' id='word_1_223' title='bbox 215 1945 399 1993; x_wconf 86' lang='lat' dir='ltr'><strong>Caesium,</strong></span> <span class='ocrx_word' id='word_1_224' title='bbox 430 1945 627 1983; x_wconf 87' lang='lat' dir='ltr'><strong>hominem</strong></span> <span class='ocrx_word' id='word_1_225' title='bbox 663 1945 761 1982; x_wconf 90' lang='lat' dir='ltr'><strong>mihi</strong></span> <span class='ocrx_word' id='word_1_226' title='bbox 789 1945 959 1984; x_wconf 86' lang='lat' dir='ltr'><strong>maxime</strong></span> <span class='ocrx_word' id='word_1_227' title='bbox 994 1946 1246 1985; x_wconf 85' lang='lat' dir='ltr'><strong>necessarium</strong></span> <span class='ocrx_word' id='word_1_228' title='bbox 1281 1946 1333 1998; x_wconf 90' lang='lat' dir='ltr'><strong>(is</strong></span> 
     </span>
     <span class='ocr_line' id='line_1_34' title="bbox 213 1998 1334 2050; baseline 0 -12"><span class='ocrx_word' id='word_1_229' title='bbox 213 1999 318 2038; x_wconf 90' lang='lat' dir='ltr'><strong>enim</strong></span> <span class='ocrx_word' id='word_1_230' title='bbox 354 1999 600 2049; x_wconf 78' lang='lat' dir='ltr'><strong>magistratus</strong></span> <span class='ocrx_word' id='word_1_231' title='bbox 635 1998 676 2036; x_wconf 91' lang='grc' dir='ltr'><strong>ιιι</strong></span> <span class='ocrx_word' id='word_1_232' title='bbox 712 2006 838 2037; x_wconf 86' lang='lat' dir='ltr'><strong>nostro</strong></span> <span class='ocrx_word' id='word_1_233' title='bbox 875 1999 1099 2050; x_wconf 89' lang='lat' dir='ltr'><strong>municipio,</strong></span> <span class='ocrx_word' id='word_1_234' title='bbox 1131 2012 1201 2038; x_wconf 88' lang='lat' dir='ltr'><strong>nec</strong></span> <span class='ocrx_word' id='word_1_235' title='bbox 1235 2000 1334 2038; x_wconf 83' lang='lat' dir='ltr'><strong>alius</strong></span> 
     </span>
     <span class='ocr_line' id='line_1_35' title="bbox 213 2051 1336 2114; baseline 0.001 -23"><span class='ocrx_word' id='word_1_236' title='bbox 213 2053 332 2101; x_wconf 92' lang='lat' dir='ltr'><strong>ullus,</strong></span> <span class='ocrx_word' id='word_1_237' title='bbox 353 2053 470 2091; x_wconf 86' lang='lat' dir='ltr'><strong>creari</strong></span> <span class='ocrx_word' id='word_1_238' title='bbox 488 2051 628 2102; x_wconf 88' lang='lat' dir='ltr'><strong>solet);</strong></span> <span class='ocrx_word' id='word_1_239' title='bbox 659 2065 755 2114; x_wconf 80' lang='lat' dir='ltr'><strong>quos</strong></span> <span class='ocrx_word' id='word_1_240' title='bbox 775 2053 1077 2113; x_wconf 80' lang='lat' dir='ltr'><strong>cohonestaris,</strong></span> <span class='ocrx_word' id='word_1_241' title='bbox 1066 2065 1107 2090; x_wconf 89' lang='lat' dir='ltr'><strong>m</strong></span> <span class='ocrx_word' id='word_1_242' title='bbox 1121 2053 1336 2105; x_wconf 89' lang='lat' dir='ltr'><strong>primisque</strong></span> 
     </span>
     <span class='ocr_line' id='line_1_36' title="bbox 214 2106 1336 2158; baseline 0.001 -14"><span class='ocrx_word' id='word_1_243' title='bbox 214 2119 293 2155; x_wconf 90' lang='lat' dir='ltr'><strong>me,</strong></span> <span class='ocrx_word' id='word_1_244' title='bbox 314 2106 345 2145; x_wconf 90' lang='lat' dir='ltr'><strong>si</strong></span> <span class='ocrx_word' id='word_1_245' title='bbox 364 2119 422 2144; x_wconf 91' lang='lat' dir='ltr'><strong>res</strong></span> <span class='ocrx_word' id='word_1_246' title='bbox 440 2106 596 2157; x_wconf 85' lang='lat' dir='ltr'><strong>publica</strong></span> <span class='ocrx_word' id='word_1_247' title='bbox 613 2106 827 2157; x_wconf 89' lang='lat' dir='ltr'><strong>municipii,</strong></span> <span class='ocrx_word' id='word_1_248' title='bbox 847 2114 915 2145; x_wconf 89' lang='lat' dir='ltr'><strong>tuo</strong></span> <span class='ocrx_word' id='word_1_249' title='bbox 933 2106 1060 2145; x_wconf 84' lang='lat' dir='ltr'><strong>studio</strong></span> <span class='ocrx_word' id='word_1_250' title='bbox 1079 2115 1117 2146; x_wconf 89' lang='lat' dir='ltr'><strong>et</strong></span> <span class='ocrx_word' id='word_1_251' title='bbox 1135 2106 1336 2158; x_wconf 84' lang='lat' dir='ltr'><strong>diligentia</strong></span> 
     </span>
     <span class='ocr_line' id='line_1_37' title="bbox 213 2159 1336 2207; baseline 0.001 -9"><span class='ocrx_word' id='word_1_252' title='bbox 213 2161 310 2198; x_wconf 90' lang='lat' dir='ltr'><strong>bene</strong></span> <span class='ocrx_word' id='word_1_253' title='bbox 335 2159 597 2198; x_wconf 83' lang='lat' dir='ltr'><strong>administrata</strong></span> <span class='ocrx_word' id='word_1_254' title='bbox 614 2160 696 2198; x_wconf 80' lang='lat' dir='ltr'><strong>erit.</strong></span> <span class='ocrx_word' id='word_1_255' title='bbox 727 2159 845 2207; x_wconf 87' lang='lat' dir='ltr'><strong>Quod</strong></span> <span class='ocrx_word' id='word_1_256' title='bbox 864 2167 908 2198; x_wconf 89' lang='lat' dir='ltr'><strong>ut</strong></span> <span class='ocrx_word' id='word_1_257' title='bbox 924 2159 1054 2207; x_wconf 85' lang='lat' dir='ltr'><strong>facias,</strong></span> <span class='ocrx_word' id='word_1_258' title='bbox 1074 2167 1113 2200; x_wconf 91' lang='lat' dir='ltr'><strong>te</strong></span> <span class='ocrx_word' id='word_1_259' title='bbox 1131 2160 1336 2199; x_wconf 87' lang='lat' dir='ltr'><strong>vehemen-</strong></span> 
     </span>
     <span class='ocr_line' id='line_1_38' title="bbox 213 2213 938 2267; baseline 0 -16"><span class='ocrx_word' id='word_1_260' title='bbox 213 2221 270 2251; x_wconf 84' lang='lat' dir='ltr'><strong>ter</strong></span> <span class='ocrx_word' id='word_1_261' title='bbox 288 2214 402 2253; x_wconf 82' lang='lat' dir='ltr'><strong>etiam</strong></span> <span class='ocrx_word' id='word_1_262' title='bbox 421 2221 536 2267; x_wconf 78' lang='lat' dir='ltr'><strong>atque</strong></span> <span class='ocrx_word' id='word_1_263' title='bbox 556 2213 670 2254; x_wconf 83' lang='lat' dir='ltr'><strong>etiam</strong></span> <span class='ocrx_word' id='word_1_264' title='bbox 691 2226 793 2264; x_wconf 80' lang='lat' dir='ltr'><strong>rogo.</strong></span> <span class='ocrx_word' id='word_1_265' title='bbox 824 2214 938 2253; x_wconf 88' lang='lat' dir='ltr'><strong>Vale.</strong></span> 
     </span>
    </p>
   </div>
  </div>
 </body>
</html>
