1513 2382
398 65 480 104 AD
500 65 782 105 ATTICUM.
816 67 914 104 Lm.
936 67 986 104 V.
1017 68 1082 105 21.
1212 69 1289 106 293

387 224 502 277 (2L)
534 224 747 265 CICERO
777 223 989 265 ATTICO
1019 227 1059 264 S.

224 330 285 371 Te
303 332 344 370 in
362 331 530 384 Epirum
555 335 704 373 salvum
733 333 890 381 venisse,
911 340 948 371 et
977 334 1040 383 (ut
1067 334 1212 382 scribis)
1232 348 1280 374 ex

171 386 355 426 sententia
385 387 596 437 navigasse,
626 388 868 427 vehementer
890 387 1061 438 gaudeo:
1092 399 1169 425 non
1201 401 1283 427 esse

172 441 310 479 Romae
326 452 413 478 meo
431 449 601 492 tempore
618 441 905 493 pernecessario,
925 440 1154 479 submoleste
1172 441 1252 480 fero
1266 455 1278 479 ε

172 494 244 532 hoc
267 506 330 532 me
357 501 486 532 tamen
504 496 688 543 consolor,
709 494 812 546 quod
837 506 914 532 non
938 507 1046 545 spero
1064 501 1102 532 te
1118 494 1202 533 istic
1217 496 1281 544 ju·-

171 548 295 586 cunde
312 547 492 594 hiemare,
513 557 550 586 et
567 549 728 587 libenter
745 547 986 599 requiescere.

224 601 392 647 Cassius,
412 601 528 640 frater
549 602 602 650 Q.
625 601 760 648 Cassii,
787 602 985 639 familiaris
1010 601 1081 648 tui,
1105 601 1282 653 pudekti-

169 662 251 693 ores
269 655 354 693 illas
372 655 499 693 literas
516 655 682 704 miserat,
705 656 771 708 (de
789 656 928 707 quibus
947 662 990 692 tu
1010 668 1057 693 ex
1075 668 1137 693 me
1155 656 1282 707 requi-

170 708 234 754 ris,
251 709 345 760 quid
364 708 435 746 sibi
453 710 658 757 voluerint)
674 722 791 761 quam
811 721 886 755 eaS,
903 721 998 760 quas
1015 716 1145 760 postea
1161 709 1280 757 misit,

171 762 311 813 quibus
330 775 397 813 per
416 775 454 800 se
477 763 605 801 scribit
623 764 836 802 confectum
861 775 940 801 esse
958 762 1182 801 Parthicum
1200 763 1283 801 bel-

170 813 267 853 lum.
297 817 542 854 Recesserant
560 817 617 855 illi
635 817 790 869 quidem
806 817 854 854 ab
881 815 1089 854 Antiochia
1106 823 1194 854 ante
1212 816 1283 854 Bi-

171 869 254 906 buli
272 870 493 916 adventum,
514 870 579 908 sed
596 871 703 908 nullo
717 877 843 908 nostro
863 884 1117 918 ευημερηματι.
1153 869 1283 908 Hodie

170 935 258 960 vero
280 922 451 961 hiemant
471 923 512 961 in
532 922 794 975 Cyrrhestica,
783 937 793 947 ·
823 922 1117 974 maximumque
1134 923 1282 961 bellum

170 974 391 1027 impendet:
421 989 513 1015 nam
543 986 581 1016 et
605 978 759 1025 Orodis,
779 976 877 1027 regis
904 976 1148 1019 Parthorum,
1180 976 1282 1016 filius

168 1028 209 1067 in
227 1030 421 1080 provincia
438 1029 565 1068 nostra
583 1041 662 1069 est:
692 1044 762 1069 nec
780 1030 929 1067 dubitat
954 1028 1173 1076 Deiotarus,
1195 1031 1281 1082 (cu-

165 1083 231 1132 jus
249 1083 327 1121 filio
354 1091 464 1134 pacta
482 1091 537 1122 est
554 1084 779 1123 Artavasdis
797 1083 889 1130 filia,
920 1095 967 1120 ex
995 1095 1072 1143 quo
1102 1083 1188 1121 sciri
1211 1096 1282 1135 po-

169 1135 259 1186 test)
291 1136 387 1188 quin
415 1150 504 1175 cum
535 1139 714 1176 omnibus
743 1137 859 1189 copiis
895 1136 976 1187 ipse
1004 1136 1130 1187 prima
1152 1144 1282 1176 aestate

167 1189 394 1241 Euphraten
413 1191 640 1230 transiturus
654 1192 713 1230 sit.

223 1244 315 1292 Quo
336 1251 466 1282 autem
495 1245 556 1283 die
584 1244 706 1284 Cassii
734 1245 854 1283 literae
879 1242 1048 1281 victrices
1076 1243 1117 1281 in
1146 1251 1282 1283 senatu

167 1297 330 1336 recitatae
347 1306 451 1346 sunt,
472 1298 513 1336 id
531 1306 599 1347 est,
624 1300 665 1337 N
666 1298 750 1337 onis
769 1297 1014 1344 Octobribus,
1035 1297 1167 1335 eodem
1185 1310 1282 1336 meae

167 1351 381 1389 tumultum
392 1352 624 1390 nuntiantes.
651 1351 782 1390 Axius
800 1358 925 1389 noster
943 1351 1008 1397 ait,
1028 1358 1174 1389 nostras
1191 1365 1283 1390 auc-

170 1404 329 1443 toritatis
347 1406 478 1456 plenas
502 1405 644 1451 fuisse;
673 1406 748 1443 illis
777 1411 890 1455 negat
918 1404 1116 1443 creditum.
1145 1405 1282 1443 Bibuli

167 1458 339 1497 nondum
358 1466 466 1497 erant
483 1459 607 1497 allatae
622 1473 635 1505 ;
664 1472 760 1510 quas
777 1466 878 1497 certo
896 1459 972 1495 seio
990 1458 1121 1508 plenas
1135 1458 1281 1496 timoris

167 1511 259 1550 fore.

219 1565 314 1604 Ex
302 1565 349 1604 lis
363 1567 475 1604 rebus
491 1565 564 1604 hoc
577 1577 719 1613 vereor,
739 1578 802 1613 ne,
822 1577 911 1603 cum
931 1564 1149 1615 Pompeius,
1166 1578 1282 1617 prop-

167 1626 224 1657 ter
259 1626 408 1657 metum
432 1632 560 1657 rerum
592 1632 792 1665 novarum,
826 1630 1018 1669 nusquam
1051 1618 1280 1666 dimittatur,

167 1673 310 1712 Caesari
338 1673 470 1711 nullus
499 1673 620 1711 honos
644 1686 668 1711 a
693 1680 825 1712 senatu
854 1671 1064 1716 habeatur3
1095 1671 1190 1710 dum
1218 1672 1282 1712 hic

163 1727 287 1765 nodus
305 1727 543 1788 expediatur,
563 1739 639 1764 non
655 1734 767 1778 putet
785 1732 951 1773 senatus,
967 1737 1050 1786 nos,
1071 1733 1278 1777 antequam

164 1793 378 1819 successum
397 1780 460 1827 sit,
479 1788 649 1832 oportere
674 1780 864 1826 decedere,
885 1790 967 1825 nec,
988 1779 1028 1816 in
1047 1786 1152 1817 tanto
1170 1787 1280 1818 motu

163 1847 305 1887 rerum,
344 1834 459 1873 tantis
488 1833 689 1886 provinciis
721 1833 889 1884 singulos
926 1832 1068 1883 legatos
1104 1846 1277 1884 praeaese·

164 1883 257 1936 Hic,
284 1901 333 1926 ne
360 1887 454 1940 quid
481 1887 578 1926 mihi
604 1895 839 1939 prorogetur,
858 1865 986 1938 quodo
989 1898 1038 1924 ne
1059 1887 1280 1926 intercoesor

163 1941 321 1993 quidem
356 1941 541 1980 sustinere
563 1942 693 1993 possit,
731 1942 890 1986 horreo;
921 1948 1036 1991 atque
1067 1953 1111 1978 eo
1137 1942 1276 1992 magis,

161 1996 265 2047 quod
279 2003 321 2034 tu
336 1997 439 2045 abes,
453 1996 521 2047 qui
536 1995 704 2043 consilio,
718 1995 854 2046 gratia,
868 1994 1007 2041 studio,
1020 1994 1152 2033 multis
1165 1997 1279 2033 rebus

162 2062 384 2088 occurreres.

217 2103 333 2142 Dices
359 2116 423 2142 me
440 2104 568 2156 ipsum
586 2103 683 2142 mihi
702 2103 996 2142 sollicitudinem
1018 2108 1171 2141 struere.
1200 2101 1278 2142 Co-

164 2169 256 2208 gor:
288 2164 326 2196 et
343 2157 458 2196 velim
476 2158 531 2197 ita
548 2158 621 2198 sit:
651 2157 716 2197 sed
742 2157 871 2197 omnia
900 2162 1042 2195 metuo.
1082 2156 1167 2195 Etsi
1196 2156 1277 2196 bel-

897 2213 922 2249 2
939 2223 962 2248 c
984 2214 1008 2248 3
