1513 2382
212 65 295 103 310
430 64 513 103 AD
541 63 825 105 ATTICUM.
854 65 955 103 1113.
975 65 1051 104 VI.
1079 65 1120 104 2.

213 170 273 208 his
291 169 456 210 inventae
483 180 573 211 sunt
586 174 758 226 quinque
779 172 1037 225 imagunculae
1056 179 1333 218 matronarum,

209 223 252 261 in
271 225 412 276 quibus
437 239 517 265 una
537 228 673 266 sororis
697 227 812 266 amici
837 228 909 276 tui,
936 227 1102 265 hominis
1125 225 1244 272 bruti,
1263 223 1333 276 qui

210 277 283 316 hoc
301 286 456 325 utatur;
487 289 525 319 et
541 281 645 320 illius
662 282 794 333 lepidi,
814 281 883 333 qui
899 282 982 320 haec
999 289 1080 320 tam
1097 279 1333 331 negligenter

209 331 318 370 ferat.
348 333 446 372 Haec
460 341 498 373 te
510 335 615 373 volui
629 351 898 387 παριστορησαι
915 350 926 374 z
947 348 1080 374 sumus
1094 334 1198 373 enim
1215 333 1332 371 ambo

208 386 308 424 belle
325 387 475 427 curiosi.

263 440 398 479 Unum
419 442 535 480 etiam
554 444 670 482 velim
695 443 846 495 cogites.
883 443 1018 482 Audio
1034 442 1215 494 Appium
1240 453 1329 491 προ-

208 501 358 531 πυλαιοι
382 495 565 535 Eleusine
594 497 727 536 facere.
765 498 878 535 Num
909 496 1031 548 inepti
1060 497 1261 542 fuerimus,
1296 493 1329 532 si

210 558 279 586 nos
307 561 461 599 quoque
490 551 711 589 Academiae
737 550 938 590 fecerimus
955 553 974 589 Ρ
1021 551 1138 599 Puto,
1168 547 1331 600 inqui&-

209 600 317 652 Ergo
335 602 376 640 id
393 604 523 655 ipsum
541 605 679 643 scribes
698 605 748 643 ad.
765 617 841 643 me.
878 604 1075 657 Equidem
1094 603 1205 642 valde
1227 603 1331 653 ipsas

207 655 386 694 Athenas
410 670 522 696 amo:
553 659 639 697 volo
658 672 738 698 esse
755 659 912 711 aliquod
928 658 1211 697 monimentum
1225 670 1237 694 ε
1265 654 1331 693 odi

206 707 320 747 falsas
335 709 597 762 inscriptiones
617 719 830 751 statuarum
849 713 1072 751 alienarum.
1101 711 1192 758 Sed,
1203 716 1249 748 ut
1259 707 1331 747 tibi

207 762 398 812 placebit:
429 765 620 817 faciesque
637 779 715 814 me,
735 766 776 804 in
802 779 920 818 quem
944 766 1050 804 diem
1069 766 1249 803 Romana
1269 762 1331 799 in-

207 815 336 854 cidant
364 819 561 869 mysteria,
588 819 799 868 certiorem,
821 827 860 858 et
887 832 965 871 quo
988 819 1103 858 modo
1129 815 1326 857 hiemaris.

209 867 316 910 Cura
330 879 375 909 ut
387 873 522 911 valeas.
553 873 647 911 Post
659 873 900 912 Leuctricam
915 885 1089 925 pugnam
1106 872 1168 911 die
1185 870 1330 924 septin-

207 925 422 974 gentoeimo
441 927 677 978 sexagesimo
696 928 845 979 quinto.

440 1088 528 1142 (2.)
570 1089 784 1132 CICERO
811 1090 1034 1131 ATTICO
1062 1091 1103 1130 S.

258 1196 362 1234 Cum
383 1196 628 1249 Philogenes,
641 1199 800 1238 libertus
813 1206 918 1248 tuus,
931 1198 1162 1238 Laodiceam
1179 1197 1229 1237 ad
1246 1209 1324 1246 me,

202 1249 396 1288 salutandi
410 1252 538 1301 causa,
568 1253 744 1302 venisset,
771 1261 808 1292 et
830 1266 869 1291 se
887 1254 1018 1291 statim
1037 1253 1086 1291 ad
1104 1262 1142 1291 te
1168 1251 1327 1303 naviga-

203 1310 336 1341 turum
355 1317 435 1343 aese
458 1305 625 1352 diceret3
655 1306 725 1345 has
753 1307 789 1345 ei
810 1306 938 1345 literas
962 1306 1076 1352 dedi3
1107 1305 1248 1357 quibus
1275 1304 1326 1343 ad

202 1369 266 1395 eas
284 1358 470 1409 rescripsi,
498 1373 593 1411 quas
619 1372 836 1412 acceperam
855 1373 879 1398 a
896 1360 1014 1399 Bruti
1031 1359 1241 1399 tabellario.
1269 1358 1327 1396 Et

202 1411 438 1462 respondebo
469 1414 642 1464 primum
678 1422 879 1465 postremae
914 1421 992 1453 tuae
1020 1414 1199 1466 paginae;
1238 1425 1327 1464 quae

203 1464 300 1502 mihi
319 1478 471 1517 magnae
489 1468 673 1506 moloefiae
689 1468 793 1514 fuit3
822 1467 927 1520 quod
945 1468 995 1506 ad
1013 1476 1052 1506 te
1069 1468 1253 1519 scriptum
1268 1473 1326 1504 est

203 1531 227 1556 a
257 1518 390 1558 Cincio
414 1520 462 1559 de
487 1521 600 1560 Statii
627 1534 823 1560 sermone:
853 1522 894 1560 in
920 1534 997 1574 quo
1015 1522 1088 1560 hoc
1105 1519 1326 1560 molestissi-

201 1585 313 1610 mum
333 1581 403 1622 est,
425 1574 592 1613 Statium
611 1575 746 1624 dicere,
767 1589 790 1614 a
807 1589 871 1614 me
889 1574 1043 1628 quoque
1060 1575 1102 1613 id
1120 1574 1322 1614 consilium

198 1627 363 1677 probari.
394 1628 554 1667 Probari
573 1636 702 1667 autem
717 1632 735 1669 ?
764 1629 812 1668 de
829 1630 902 1668 isto
920 1629 1115 1668 hactenus.
1145 1627 1324 1667 Dixerim

199 1692 264 1718 me
283 1681 343 1719 vel
361 1682 531 1733 plurima
547 1683 701 1721 vincula
718 1690 847 1722 tecum
869 1696 1032 1722 summae
1050 1681 1326 1733 conjunctionis

199 1742 355 1785 optare,
395 1736 465 1774 etsi
490 1744 580 1775 sunt
598 1737 737 1775 amoris
759 1737 991 1776 arctissima:
1024 1743 1178 1775 tantum
1202 1738 1324 1782 abest,

198 1796 243 1825 ut
262 1801 332 1839 ego
352 1802 399 1827 ex
419 1803 476 1838 eo,
503 1803 580 1841 quo
598 1791 766 1830 adstricti
791 1804 940 1839 sumus,
959 1791 1082 1829 laxari
1100 1790 1247 1842 aliquid
1261 1801 1325 1828 ve-

199 1841 281 1880 lim.
312 1843 436 1881 Illum
467 1853 596 1882 autem
623 1846 748 1883 multa
773 1844 821 1883 de
841 1845 923 1883 istis
941 1847 1054 1884 rebus
1073 1845 1243 1896 asperius
1260 1855 1322 1882 so-

197 1895 274 1934 lere
302 1897 423 1949 loqui,
455 1910 555 1949 saepe
587 1911 674 1937 sum
697 1906 903 1950 expertus3
934 1911 1033 1951 saepe
1062 1899 1178 1936 etiam
1202 1896 1320 1936 lenivi

197 1949 363 1989 iratum:
384 1951 425 1989 id
444 1952 536 1990 scire
550 1959 587 1990 te
605 1953 776 1991 arbitror.
807 1952 858 1990 In
875 1953 947 1991 hac
959 1960 1088 1991 autem
1101 1950 1322 2004 peregrina-

198 2003 308 2095 ᾰῗὸῐὲί
318 2005 503 2044 militiave
524 2006 669 2056 nostra,
695 2019 795 2058 saepe
812 2006 1011 2046 incensum
1036 2006 1094 2045 ira
1111 2005 1205 2054 vidi,
1221 2017 1322 2056 saepe

199 2069 225 2107 p
309 2065 406 2097 tum.

253 2111 362 2159 Quid
379 2112 428 2150 ad
448 2114 616 2152 Statium
639 2115 841 2166 scripserit,
868 2114 993 2153 nescio
1007 2129 1019 2152 ε
1049 2112 1239 2165 quidquid
1257 2125 1320 2152 ac-

198 2174 306 2204 turus
321 2166 367 2204 de
387 2167 452 2205 tali
472 2180 512 2205 re
534 2168 621 2213 fuit,
648 2168 891 2207 scribendum
917 2176 1045 2206 tamen
1063 2166 1113 2205 ad
1138 2167 1319 2205 libertum
