1513 2382
203 88 252 124 84
383 92 464 131 AD
493 92 788 134 DIVERSOS.
820 94 919 132 Lm.
948 93 1044 132 XV.
1071 95 1111 131 2.

201 200 459 252 subterfugere
488 201 660 250 mallem,
693 215 810 254 quam
842 209 974 240 vestrae
998 198 1212 240 auctoritati
1240 198 1312 237 ob-

201 261 423 304 temperare.

253 307 341 346 Hoc
352 317 479 347 autem
492 318 661 362 tempore
673 323 731 348 res
750 322 829 348 sese
846 310 899 349 sic
915 310 1045 355 habet
1064 316 1109 346 ut
1129 306 1221 358 (nisi
1243 319 1310 344 ex-

199 361 357 399 ercitum
377 370 541 411 tantum
559 373 747 415 quantum
762 364 811 401 ad
829 364 1044 402 maximum
1062 363 1208 401 bellum
1219 360 1314 398 mit-

198 421 275 453 tere
294 416 431 463 soletis
451 426 600 456 mature
618 418 659 455 in
677 418 746 456 has
764 418 974 468 provincias
991 415 1185 462 miseritis)
1205 426 1311 453 sum-

197 480 308 506 mum
337 482 385 519 pe
388 471 550 510 riculum
575 472 636 518 sit,
668 484 717 510 ne
742 472 960 510 amittendae
984 472 1061 509 sint
1088 482 1220 508 omnes
1248 467 1311 506 hae

196 522 412 572 provinciae.
444 526 583 576 quibus
609 526 805 575 vectigalia
831 526 964 576 populi
993 523 1163 563 Romani
1191 521 1310 561 conti-

196 584 345 614 nentur.
377 578 638 625 Quamobrem
671 588 799 617 autem
829 580 869 617 in
897 579 970 617 hoc
997 576 1219 629 provinciali
1243 576 1311 614 de-

196 629 296 668 lectu
316 645 421 683 spem
451 634 620 672 habeatis
646 634 832 684 aquuam‚
863 646 975 671 causa
1000 632 1108 670 nufla
1133 638 1212 669 est:
1241 643 1310 668 ne-

196 697 271 733 que
288 687 402 724 multi
421 695 533 731 sunt3
564 694 600 725 et
619 688 826 737 diffugiunt
841 687 908 737 qui
927 693 1029 731 sunt,
1044 692 1151 723 metu
1165 684 1306 722 oblato.

195 738 264 783 Et,
285 740 387 789 quod
406 754 528 791 genus
545 741 616 778 hoc
634 741 806 778 militum
826 741 887 785 sit,
905 739 1091 788 judicavit
1108 738 1166 776 vir
1184 737 1310 775 fortis-

196 792 315 830 simus
341 794 400 831 M.
431 795 598 832 Bibulus
621 795 661 832 in
688 794 814 839 Αείὲς
845 794 926 845 qui,
958 806 1047 832 cum
1072 805 1138 831 vos
1160 791 1195 829 ei
1222 804 1310 842 per-

194 846 388 885 misissetis
421 848 609 886 delectum
637 849 790 896 habere,
824 847 958 886 noluit.
988 847 1094 884 Nam
1123 845 1310 884 sociorum

195 900 351 938 auxilia
383 910 537 963 propter
561 903 802 940 acerbitatem
834 910 949 953 atque
977 900 1135 950 injurias
1158 898 1310 950 imperii

194 954 326 997 nostri
354 963 421 993 aut
449 956 503 993 ita
534 956 725 994 imbecilla
751 964 853 1002 sunt
884 964 928 993 ut
950 967 1027 992 non
1052 953 1220 991 multum
1239 965 1309 990 nos

191 1007 325 1054 juvare
343 1022 411 1059 ρος
414 1009 500 1053 sint
518 1017 584 1047 aut
602 1010 655 1047 ita
674 1010 835 1047 alienata
854 1023 876 1047 a
893 1009 1017 1052 nobis
1037 1014 1082 1044 ut
1099 1018 1224 1057 neque
1241 1018 1310 1044 ex-

195 1062 441 1110 spectandum
462 1065 509 1100 ab
531 1063 590 1109 iis,
621 1076 746 1113 neque
768 1061 1083 1101 committendum
1108 1060 1169 1107 iiS‚
1196 1058 1309 1110 quid-

194 1127 311 1164 quam
333 1128 410 1152 esse
440 1116 623 1154 videatur.
653 1117 772 1167 Regis
800 1115 973 1154 Deiotari
1000 1121 1039 1153 et
1055 1088 1306 1160 voluritatem‚

194 1175 232 1204 et
261 1169 399 1218 copiae
432 1178 750 1220 quantaecumque
779 1176 882 1215 sunt
913 1176 1057 1206 nostras
1088 1180 1167 1205 oese
1195 1166 1306 1204 duco.

194 1220 435 1272 Cappadocia
468 1235 505 1259 es
489 1230 523 1260 <t
552 1222 689 1260 inanis.
753 1222 910 1273 Reliqui
941 1234 1045 1272 reges
1081 1220 1308 1271 tyrannique

192 1285 317 1324 neque
336 1275 471 1335 opibus
490 1276 579 1313 satis
600 1276 713 1322 firmi
733 1289 801 1314 nec
819 1277 1026 1321 voluntate,
1054 1281 1153 1312 sunt.
1184 1273 1304 1320 Mihi,

192 1327 232 1364 in
251 1328 322 1365 hae
347 1328 537 1378 paucitate
561 1330 744 1374 militum,
765 1329 916 1367 animus
941 1336 1038 1367 certe
1062 1339 1138 1365 non
1157 1327 1303 1371 deerit3

194 1393 315 1431 spero
335 1394 383 1419 ne
409 1383 608 1420 eonsilium
634 1383 802 1434 quidem.
838 1382 946 1430 Quid
964 1393 1140 1420 casurum
1160 1381 1221 1425 sit,
1246 1380 1307 1417 in-

194 1443 338 1472 certum
371 1442 438 1473 aet.
468 1436 630 1474 Ltinam
659 1437 772 1474 saluti
802 1443 938 1474 nostrae
966 1435 1159 1473 consulere
1185 1432 1305 1485 possi-

194 1488 306 1526 mus!
339 1488 515 1539 dignitati
534 1497 632 1528 certe
650 1491 902 1528 consulemus.

197 1645 279 1696 (2.)
301 1644 361 1683 M.
383 1646 647 1691 TULLrUs,
669 1648 730 1686 M.
747 1646 793 1685 F.
817 1645 1044 1691 CICERO,
1065 1643 1298 1684 PROCOS.

248 1699 423 1791 ΞΥΞΤῙ).
454 1701 597 1741 COSS.
627 1700 849 1741 PRAETT.
880 1700 1070 1739 TRIBB.
1102 1698 1187 1736 PL.
1221 1697 1307 1737 SE-

246 1849 569 1899 (Argumentum.
585 1878 639 1885 —
652 1852 839 1903 Exponit,
852 1851 981 1890 audito
995 1849 1227 1889 Parthorum
1238 1846 1306 1885 ad-

196 1911 326 1949 ventu
347 1905 441 1955 quid
459 1906 576 1955 egerit
592 1919 661 1957 pro
681 1906 824 1944 tuenda
841 1904 1049 1964 11101111131117
1069 1901 1250 1952 sociisque
1262 1900 1305 1938 in

192 1954 270 1993 fide
299 1958 554 1997 continendis:
588 1959 764 2010 adjung-it
787 1958 834 1997 de
859 1971 947 2009 rege
971 1956 1230 1995 Ariobarzane
1254 1955 1303 1992 ab

196 2007 342 2048 insidiis
358 2011 546 2059 liberato.)

245 2115 284 2154 S.
315 2117 367 2155 V.
392 2117 445 2155 V.
475 2119 524 2157 B.
554 2118 604 2157 E.
632 2119 680 2157 Ε.
708 2119 761 2168 Q.
787 2119 840 2158 V.
870 2118 973 2157 Cum
998 2116 1119 2169 pridie
1143 2113 1301 2154 Galend.

196 2169 298 2206 Sext.
320 2169 359 2208 in
379 2172 610 2222 provinciam
627 2173 824 2219 venissem,
850 2184 973 2224 neque
990 2169 1176 2210 maturius
1194 2181 1308 2220 prop-
