1513 2382
337 120 420 160 AD
447 120 746 161 DIVERSOS.
777 121 878 159 Lm.
907 120 1027 160 XVI.
1062 122 1121 161 19.
1215 121 1290 162 129

176 229 273 267 belle
290 228 473 276 simulas3
498 229 602 281 quod
621 237 749 268 tamen
767 229 809 267 in
827 228 988 267 modum
1003 228 1204 281 procedit).
1226 230 1292 268 sed

175 290 220 320 ut
246 290 316 331 est,
335 283 494 335 indulge
521 284 731 322 valetudini
758 291 858 322 tuae:
889 284 952 321 cui
979 283 1136 335 quidem
1163 293 1205 321 tu
1225 285 1292 322 ad-

173 335 262 383 h'uc,
294 336 388 375 dum
426 337 524 375 mihi
560 338 737 385 deservis,
775 337 926 376 servisti
962 349 1040 375 non
1070 337 1174 375 satis.
1231 339 1294 376 Ea

173 389 269 441 quid
286 392 467 442 postulet,
483 404 559 430 non
572 392 747 442 ignoras:
768 393 895 437 πεψιν,
910 406 1076 435 ammom,
1095 407 1252 440 περιπατ
1262 407 1295 428 ον

176 458 395 495 συμμετρον,
410 447 551 495 'rep-,luzo
573 453 738 482 ευλυσιαν
761 452 910 488 κοιλιας.
939 445 1018 483 Fac
1031 444 1157 483 bellus
1169 458 1294 483 rever-

172 504 277 536 tare:
307 511 385 538 non
403 499 519 537 modo
537 507 588 547 te,
605 499 670 538 sed
691 499 806 538 etiam
821 499 1089 538 Tusculanum
1104 507 1295 548 nostrum,

173 551 262 602 plus
276 565 415 591 amem.

227 605 469 645 Parhedrum
498 607 633 656 excita,
653 615 698 646 ut
715 607 870 645 hortum
893 607 975 658 ipse
1005 606 1214 645 conducat:
1246 607 1299 645 sic

174 659 349 698 olitorem
384 661 514 712 ipsum
543 662 812 700 commovebis.
857 661 995 699 Helico
1037 661 1296 712 nequissimus

176 712 253 751 HS
272 713 369 753 CII)
389 715 518 763 dabat,
538 716 646 753 nullo
665 715 792 767 aprico
810 715 934 762 horto,
961 716 1070 753 nullo
1089 716 1298 762 emissario,

176 767 286 804 nulla
303 769 483 816 maceria,
512 770 622 807 nulla
650 770 747 808 casa.
789 770 868 807 Iste
897 781 966 807 nos
993 769 1100 807 tanta
1126 769 1300 820 impensa

178 821 377 860 derideat?
408 822 561 861 Calface
587 823 799 870 hominem,
829 831 874 860 ut
897 836 968 874 ego
995 824 1058 861 M.
1088 822 1297 861 Othonem.

179 875 318 926 ltaque
337 878 474 914 abutor
492 877 650 915 coronis.
693 877 756 916 De
776 877 922 916 Crabra
943 876 1038 927 quid
1058 885 1208 927 agatur,
1230 878 1300 915 etsi

177 940 280 967 nunc
306 930 464 981 quidem
482 931 598 969 etiam
615 931 782 969 nimium
805 940 860 970 est
879 944 1004 982 aquae,
1025 938 1154 968 tamen
1181 931 1297 970 velim

178 995 283 1021 scu-e.

235 1037 492 1089 Horologium
511 1039 679 1088 mittam,
701 1048 737 1078 et
755 1039 887 1086 libros,
908 1039 939 1076 si
953 1039 1024 1077 erit
1042 1039 1194 1078 sudum.
1226 1040 1302 1078 Sed

180 1098 222 1128 tu
242 1092 417 1130 nullosne
449 1100 575 1131 tecum
604 1093 788 1132 libellos?
819 1107 867 1132 an
892 1093 1028 1144 pangis
1057 1093 1204 1145 aliquid
1232 1095 1303 1132 So-

180 1145 418 1196 phocleum?
449 1147 527 1184 Fac
546 1160 642 1198 opus
655 1155 848 1198 appareat.
879 1149 934 1184 A.
954 1147 1153 1198 Ligurius,
1175 1148 1302 1186 Caesa-

178 1198 229 1237 ris
242 1198 454 1248 familiaris,
474 1208 651 1239 mortuus
663 1210 732 1250 est,
745 1203 870 1240 bonus
884 1201 1015 1247 homo,
1033 1209 1070 1239 et
1083 1202 1192 1239 nobis
1204 1203 1302 1239 ami-

178 1266 256 1290 cus.
290 1253 351 1292 Te
369 1255 524 1306 quando
543 1263 820 1307 exspectemus,
840 1256 900 1294 fac
918 1262 962 1293 ut
981 1255 1110 1294 sciam.
1142 1255 1246 1295 Cura
1265 1263 1302 1295 te

176 1306 390 1359 diligenter.
417 1309 529 1348 Vale.

358 1476 460 1525 (19.)
480 1476 543 1515 M.
561 1475 612 1515 T.
629 1475 678 1516 C.
709 1475 917 1515 TIRONI
946 1475 987 1516 S.
1005 1475 1053 1515 P.
1070 1475 1126 1514 D.

251 1584 721 1634 (Argunaeutum.—De
744 1584 878 1635 literis,
917 1585 964 1623 de
1000 1583 1214 1630 DemetriQ
1254 1582 1302 1620 de

178 1636 391 1678 Aufidiano
409 1638 599 1690 nomine.)

233 1745 427 1798 Exspecto
451 1754 536 1785 tuas
556 1747 683 1786 literas
701 1748 749 1786 de
766 1748 900 1786 multis
932 1747 1070 1791 rebus3
1103 1752 1140 1783 te
1171 1744 1298 1796 ipsum

179 1799 304 1838 multo
327 1801 463 1852 magis.
490 1801 736 1841 Demetrium
759 1803 874 1840 redde
891 1808 1082 1846 nostrum,
1111 1807 1149 1838 et
1178 1799 1299 1845 aliud,

181 1852 213 1890 si
232 1854 326 1905 quid
345 1863 483 1906 potest,
509 1856 613 1894 boni.
641 1856 704 1894 De
735 1856 944 1894 Aufidiano
965 1853 1121 1891 nomine
1149 1853 1248 1891 nihil
1267 1860 1304 1890 te

182 1906 334 1946 hortor:
367 1910 442 1947 scio
471 1909 542 1948 tibi
563 1923 663 1948 curae
692 1923 793 1948 esse:
825 1910 891 1948 sed
916 1908 1071 1947 confice.
1114 1907 1182 1954 Et,
1204 1907 1235 1945 si
1254 1908 1304 1945 ob

181 1973 266 1998 eam
297 1975 379 2000 rem
403 1964 578 2011 moraris,
598 1964 741 2015 accipio
770 1977 949 2002 causam:
980 1962 1013 1999 si
1035 1961 1075 1999 id
1098 1968 1135 1999 te
1153 1973 1231 1999 non
1251 1969 1305 1999 te-

181 2024 261 2066 net,
281 2016 430 2056 advola.
463 2018 614 2058 Literas
631 2025 718 2057 tuas
733 2017 844 2057 valde
863 2024 1051 2070 exspecto.
1083 2015 1196 2055 Vale.
