1513 2382
192 107 243 145 42
363 101 446 140 AD
473 98 768 143 DIVERSOS.
798 99 899 137 LIB.
918 97 1045 138 XIII.
1075 100 1142 139 49.

196 209 423 263 Egnatium,
443 215 488 246 ut
507 207 655 253 sentiat,
679 214 716 246 et
734 220 773 246 se
790 220 814 245 a
830 219 907 256 me,
927 214 964 245 et
981 219 1045 245 me
1063 219 1086 244 3
1103 212 1156 254 te,
1175 205 1310 244 amari.

200 265 288 304 Hoc
305 271 342 302 te
355 262 594 301 vehementer
612 261 727 299 etiam
741 268 855 312 atque
869 261 983 299 etiam
1001 272 1103 311 rogo.
1134 234 1210 298 I'lla
1223 272 1312 298 nos-

201 326 260 357 tra
278 317 418 356 scilicet
441 315 564 353 cecide
566 322 666 352 runt.
694 314 862 353 Utamur
878 314 995 366 igitur
1013 313 1163 365 vulgari
1180 325 1312 352 conso-

199 371 355 418 latione,
394 368 515 417 Quid,
547 368 579 406 si
613 368 750 406 melius
789 368 861 406 hoc
874 371 892 407 ,⁹
939 366 1015 407 Sed
1050 368 1132 406 haec
1170 378 1311 405 coram.

203 425 270 463 Tu
288 424 349 462 fac
373 422 494 474 (quod
517 421 624 470 facis)
644 430 688 460 ut
705 434 768 460 me
795 434 913 470 ames,
933 429 1046 473 teque
1064 421 1185 459 amari
1207 433 1231 459 3
1247 432 1312 458 me

201 478 308 518 sciaS.
337 476 449 516 Vale.

206 641 223 682 (
236 635 320 688 48.)
350 635 412 675 Μ.
426 636 537 677 1.·(1.
557 635 889 729 ο.5Ε8Χ11“111),10
909 633 1081 685 RUFO,
1094 633 1315 684 QUAEsT.

259 798 580 849 (Argumentum.
592 817 647 827 —
665 796 809 836 Ciliciae
827 797 1005 849 quaestori
1029 808 1161 836 omnes
1179 793 1318 847 Cypri-

207 866 263 902 os,
283 860 320 891 et
337 854 377 890 in
391 852 525 904 primis
545 850 728 901 Paphios,
748 849 1023 900 commendat.)

261 957 410 998 Omnes
440 958 510 996 tibi
538 957 763 996 commendo
788 957 963 1009 Cyprios,
994 958 1061 996 sed
1092 956 1216 1008 magis
1245 955 1323 994 Pa-

208 1013 346 1066 phios;
385 1012 524 1073 quibus
548 1019 592 1049 tu
621 1024 874 1062 quaecumque
905 1011 1171 1058 commodaris,
1209 1016 1321 1048 erunt

207 1067 304 1105 mihi
333 1066 557 1117 gratissima.
596 1065 734 1115 quue
758 1065 854 1102 facio
878 1064 1073 1112 libentius,
1100 1071 1144 1102 ut
1162 1077 1224 1102 eos
1251 1063 1322 1101 tibi

207 1119 486 1166 commendem,
518 1118 620 1169 quod
646 1126 683 1156 et
711 1125 788 1156 ‘cuae
811 1118 917 1156 laudi
936 1119 1064 1170 (cujus
1096 1130 1166 1168 ego
1195 1117 1322 1154 fautor

206 1180 310 1219 sum)
323 1172 529 1211 conducere
541 1171 713 1217 arbitror,
727 1184 816 1209 cum
830 1171 978 1222 primus
996 1172 1036 1209 in
1056 1184 1140 1209 eam
1154 1171 1321 1208 insulam

207 1233 371 1278 quaestor
389 1225 546 1273 veneris,
563 1238 607 1263 ea
620 1232 656 1262 te
673 1225 882 1272 instituere
903 1239 990 1276 quae
1008 1231 1214 1276 sequantur
1232 1223 1320 1261 alii-

209 1293 297 1331 quae
323 1282 384 1322 (ut
403 1286 526 1330 spero)
546 1278 692 1316 facilius
712 1291 953 1329 consequere,
975 1279 1006 1318 si
1025 1287 1062 1317 et
1080 1280 1126 1317 P.
1149 1277 1323 1324 Lentuli,

207 1333 404 1371 necessarii
419 1332 489 1378 tui,
509 1333 647 1382 legem,
668 1339 705 1370 et
724 1345 768 1370 ea
786 1346 872 1383 quae
883 1345 906 1370 3
919 1345 982 1370 me
1000 1333 1203 1371 constituta
1217 1337 1321 1376 sunt,

207 1386 317 1481 {equi
328 1386 510 1478 {sqllueris
540 1386 672 1434 Quam
690 1399 770 1424 rem
789 1386 859 1424 fibi
881 1380 1029 1425 confido
1047 1398 1197 1437 magnae
1214 1383 1324 1423 laudi

225 1452 287 1479 ore
408 1452 439 1478 e.

277 1599 389 1648 (49.)
431 1596 641 1639 CICERO
671 1597 866 1648 cumo
896 1596 1058 1638 PRoc.
1089 1598 1128 1637 5.
1142 1597 1187 1637 P.
1201 1597 1255 1636 D.

265 1707 589 1759 (Argumentum.
603 1731 654 1737 —-
668 1706 861 1755 Quintum
891 1706 1123 1768 Pompeium
1151 1705 1206 1744 ita
1233 1719 1322 1758 pro-

209 1761 355 1799 consuli
373 1761 490 1799 Curio
519 1760 772 1808 commendat,
800 1767 846 1799 ut
872 1760 981 1812 quasi
1008 1767 1162 1812 propter
1179 1759 1322 1798 famili-

209 1814 381 1853 aritatem
400 1816 595 1866 postulet.)

262 1920 433 1968 Quintus
452 1921 674 1972 Pompeius,
704 1922 811 1960 Sexti
839 1921 885 1959 F.
909 1920 1043 1960 multis
1070 1927 1108 1960 et
1132 1920 1321 1960 veteribus

208 1975 331 2015 causis
349 1975 633 2022 necessitudinis
661 1975 758 2013 mihi
784 1976 1009 2025 conjunctus
1039 1982 1106 2014 est.
1146 1974 1202 2022 Is,
1231 1987 1321 2014 cum

208 2036 334 2078 antea,
353 2029 448 2067 meis
467 2028 872 2077 commendationibus,
892 2036 930 2067 et
947 2041 1029 2067 rem
1048 2036 1086 2067 et
1102 2028 1263 2079 gratiam
1282 2036 1321 2067 et

206 2083 470 2126 auctoritatem
489 2095 598 2122 suam
617 2082 714 2120 tueri
732 2082 938 2131 consuerit,
957 2094 1061 2121 nunc
1078 2081 1258 2133 profecto,
1279 2090 1317 2120 te

207 2135 442 2187 provinciam
463 2135 669 2183 obtinente,
689 2136 785 2174 meis
812 2135 930 2174 literis
957 2135 1105 2188 assequi
1124 2135 1248 2182 debet,
1275 2142 1322 2174 ut

204 2189 350 2229 nemini
369 2203 408 2230 se
422 2189 610 2241 intelligat
623 2189 983 2230 commendatiorem
997 2201 1171 2242 unquam
1190 2188 1317 2228 fuisse.
