1513 2382
331 80 413 121 AD
441 79 732 121 ATTICUM.
762 79 862 118 Lus.
882 79 934 118 V.
968 80 1002 119 1.
1154 81 1234 122 269

104 199 180 230 tur.
217 190 339 239 Nam,
367 203 471 239 cum,
494 190 686 243 superiore
716 201 830 235 anno,
861 188 1071 227 exercitum
1100 190 1236 240 populi

105 245 289 294 Romani,
311 246 450 284 Crasso
470 245 566 284 duce
584 242 795 290 interfecto,
816 242 1024 281 miserabili
1048 243 1156 281 clade
1174 243 1232 282 af-

104 300 304 345 fecissent3
336 299 592 351 reliquiasque
610 298 730 344 illius,
750 297 854 335 haud
875 309 964 335 sane
992 296 1132 347 magnai
1151 310 1235 336 ma-

104 366 172 400 nu,
193 353 233 391 in
252 354 404 406 Syriam
424 352 626 405 persecuti,
647 366 671 390 a
689 353 740 399 Q.
757 351 890 390 Cassio
911 350 1089 401 Longino
1108 351 1235 390 fortis-

104 407 200 446 sime
218 408 362 460 repulsi
382 407 541 446 fuissent
556 422 565 445 ε
588 407 735 456 majore
755 419 798 444 ac
810 405 977 443 firmiore
993 404 1030 442 vi
1044 404 1116 443 hoc
1131 418 1234 444 anno

104 461 324 508 redierunt3
355 464 404 501 ab
424 462 635 513 eodemque
662 460 795 499 Cassio
814 472 967 497 rursum
995 458 1105 510 Syriai
1124 472 1233 498 exce-

103 515 192 554 dere
211 516 329 554 eoacti
348 522 449 554 sunt.
484 516 547 554 Ita
572 515 674 554 enim
694 514 794 552 infra
815 514 969 552 Cicero:
1002 516 1032 535 ‘⁶
1056 513 1233 562 Interim,

103 582 257 609 rumore
286 570 470 609 adventus
500 570 633 617 nostri,
672 576 710 607 et
742 568 888 612 Cassio,
921 566 989 618 qui
1026 566 1235 607 Antiochia

102 626 317 671 tenebatur,
348 624 501 663 animus
526 622 706 668 accessit;
737 630 775 660 et
805 621 958 660 Parthis
983 620 1098 660 timor
1117 622 1235 672 injec-

101 684 164 716 tus
192 685 259 717 est.
294 678 433 730 Itaque
465 678 638 717 cedentes
665 679 714 715 ab
740 676 882 728 oppido
906 675 1060 714 Cassius
1087 676 1234 715 insecu-

100 740 177 778 tus,
198 745 279 771 rem
306 734 403 771 bene
421 732 562 785 gessit:
594 731 672 783 quit
698 731 737 768 in
766 730 875 781 fuga,
900 728 1042 781 magnai
1068 731 1232 769 auctori-

99 792 177 824 tate
197 785 354 835 Osaces,
376 787 458 825 dux
481 785 729 831 Parthorum,
743 785 886 822 vulnus
905 784 1050 835 aceepit
1067 798 1079 829 ;
1111 797 1232 836 eoque

98 839 244 878 interiit
279 841 413 892 paucis
446 846 534 892 post
565 839 743 878 diebus.''
783 837 1015 878 continetur
1044 838 1138 876 item
1168 838 1229 878 his

98 894 282 946 epistolis,
316 895 512 946 quomodo
541 894 677 933 Cicero
705 893 744 931 in
773 892 942 939 Amano,
984 891 1228 940 Pindenisso,

97 948 240 1000 oppido
266 948 631 988 Eleutherocilicum
657 955 783 1000 capto,
813 958 954 985 nomen
982 944 1230 998 Imperatoris

96 1010 290 1041 assecutus
319 1003 461 1042 fuerit:
492 1010 529 1042 et
581 1002 734 1040 uaedam
761 1001 851 1050 alia,
878 1000 986 1039 haud
1014 1000 1146 1051 magni
1177 1001 1227 1040 ad

98 1055 298 1095 historiam
317 1058 517 1096 momenti.
549 1016 753 1096 Cessatum
772 1061 828 1094 est
846 1062 975 1093 autem
997 1055 1109 1093 scribi
1129 1055 1229 1094 inter

98 1123 162 1149 eos
181 1118 260 1149 toto
288 1112 491 1150 consulatu
519 1111 594 1150 Cn.
616 1109 782 1148 Domitii
803 1109 973 1155 Calvini,
996 1109 1058 1147 M.
1079 1109 1228 1148 Valerii

101 1164 297 1213 Messalae,
316 1165 410 1204 item
435 1165 510 1206 Cn.
532 1164 713 1217 Pompeii
733 1163 877 1216 Magni
893 1162 978 1212 ΠΙ,
1000 1170 1038 1202 et
1052 1163 1105 1211 Q.
1137 1163 1231 1203 Me-

98 1219 178 1258 telli
196 1219 398 1272 Scipionis.

336 1377 424 1432 (1.)
458 1375 676 1417 CICERO
706 1374 932 1415 ATTICO
961 1376 1001 1414 S.

153 1483 242 1536 Ego
254 1496 343 1523 vero
362 1491 401 1522 et
418 1490 532 1521 tuum
551 1482 592 1521 in
607 1483 774 1522 discessu
784 1482 863 1521 vidi
887 1482 1079 1527 animum,
1096 1487 1133 1519 et
1145 1492 1232 1519 meo

100 1552 188 1578 sum
219 1538 300 1590 ipse
329 1538 455 1577 testis:
487 1550 565 1589 quo
590 1537 714 1589 magis
740 1537 811 1575 erit
836 1536 906 1575 tibi
926 1535 1151 1582 videndum,
1181 1546 1230 1572 ne

99 1593 195 1645 quid
224 1593 314 1631 novi
346 1592 597 1638 decernatur;
627 1599 671 1630 ut
697 1592 770 1630 hoc
795 1599 969 1629 nostrum
995 1588 1228 1628 desiderium

101 1661 150 1686 ne
167 1647 257 1699 plus
276 1647 324 1685 sit
342 1658 530 1684 annuum.

154 1701 218 1740 De
237 1701 370 1739 Annio
384 1700 592 1739 Saturnino
611 1699 752 1739 curasti
767 1700 896 1751 probe.
928 1698 992 1736 De
1011 1696 1230 1736 satisdando

99 1769 203 1804 vero,
223 1762 261 1794 te
288 1768 395 1807 rogo,
423 1754 552 1807 quoad
577 1754 649 1793 eris
675 1755 829 1801 Romae,
851 1760 894 1792 tu
913 1759 958 1791 ut
977 1751 1160 1790 satisdes:
1192 1758 1231 1789 et

99 1818 191 1850 sunt
208 1810 357 1862 aliquot
376 1809 639 1848 satisdationes
665 1808 876 1847 secundum
895 1806 1149 1858 mancipium,
1169 1805 1231 1844 vel

99 1865 435 1904 Memmianorum
472 1863 719 1915 praediorum,
754 1863 813 1902 vel
845 1861 1120 1900 Atilianorum.
1166 1859 1232 1898 De

99 1919 248 1972 Oppio,-
262 1919 410 1957 factum
429 1925 484 1957 est
502 1925 547 1956 ut
559 1917 678 1965 volui,
692 1924 730 1955 et
748 1917 933 1963 maxime,
953 1914 1058 1967 quod
1069 1912 1230 1955 DCCC

99 1973 282 2027 aperuisti
298 1987 309 2012 ε
338 1985 427 2024 quae
445 1972 604 2024 quidem
625 1985 695 2023 ego
713 1971 849 2023 utique
874 1971 934 2009 vel
952 1969 1109 2009 versura
1129 1967 1229 2018 [fac-

99 2029 160 2081 ta]
181 2027 278 2066 solvi
295 2027 381 2066 volo
398 2041 410 2072 ς
440 2039 490 2065 ne
508 2033 681 2065 extrema
699 2025 848 2064 exactio
866 2032 1084 2063 nostrorum
1102 2023 1229 2062 nomi-

98 2095 195 2122 num
214 2088 464 2134 exspectetur.

154 2138 273 2176 Nunc
279 2135 391 2176 venio
406 2136 455 2174 ad
467 2142 726 2175 transversum
738 2134 851 2174 illum
867 2139 1048 2173 extremae
1059 2131 1228 2184 epistolae

819 2190 845 2227 2
866 2200 894 2227 A
925 2190 951 2227 3
