1513 2382
231 97 283 135 60
409 95 492 138 AD
513 93 807 134 DIVERSOS.
836 92 937 132 LIB.
953 89 1076 131 XIII.
1097 90 1163 136 76.

227 204 305 243 otia
339 203 576 243 commendo.
629 201 758 240 Tanta
784 199 882 238 mihi
909 211 998 238 cum
1033 210 1078 236 eo
1108 195 1343 236 necessitudo

230 266 298 304 est,
319 257 643 308 familiaritasque,
664 262 721 302 ut,
744 254 774 292 si
799 266 885 291 mea
902 265 960 290 res
985 259 1093 298 esset,
1124 263 1201 289 non
1218 250 1342 302 magis

233 312 457 349 laborarem.
487 310 746 359 Quapropter,
762 306 1019 358 gratissimum
1033 304 1129 342 mihi
1147 304 1291 352 feceris,
1311 304 1343 342 si

233 364 375 402 curaris
393 371 437 402 ut
454 364 485 401 is
499 362 699 413 intelligat,
719 373 782 398 me
801 374 824 397 a
841 368 878 398 te
892 366 1042 397 tantum
1060 358 1194 404 amari,
1221 369 1344 408 quan-

234 425 318 455 tum
337 418 417 468 ipse
437 417 621 454 existimo.
653 415 740 453 Hoc
753 413 849 451 mihi
867 413 1010 463 gratius
1028 412 1148 449 facere
1166 411 1263 449 nihil
1275 423 1344 463 po-

233 477 302 509 tes.
334 471 459 522 quue
479 477 524 508 ut
541 469 669 517 facias,
690 476 727 506 te
745 467 984 505 vehementer
1007 477 1111 516 rogo.
1139 464 1251 504 Vale.

266 625 382 678 (75.)
413 625 474 664 M.
492 625 542 665 T.
560 624 605 664 c.
635 624 685 662 T.
715 623 898 714 ΊὲῐΊῙξο,
927 622 978 661 T.
994 623 1041 661 F.
1067 621 1321 671 LEGATO,

291 795 612 844 (Argumentum.
626 814 675 820 —
691 791 889 829 Avianum
907 791 1090 829 Flaccum
1107 789 1347 830 commendat

235 848 341 886 Titio
359 849 499 899 legato,
517 848 558 884 in
577 844 687 884 causei
704 845 988 895 frumentaria.)

290 954 379 992 Etsi
397 967 472 992 non
491 954 638 1001 dubito,
660 953 753 1004 quin
772 951 876 1003 apud
903 958 941 989 te
967 964 1054 990 mea
1074 951 1351 990 commendatio

237 1008 364 1059 prima
382 1008 470 1046 satis
489 1008 625 1053 valeat,
650 1014 779 1044 tamen
803 1007 988 1056 obsequor
1009 1004 1157 1042 homini
1185 1005 1352 1044 familia-

240 1062 402 1110 rissimo,
433 1061 478 1100 C.
497 1061 652 1099 Aviano
670 1060 821 1105 Flacco,
853 1060 962 1108 cujus
988 1058 1101 1096 causa
1119 1058 1248 1097 omnia
1264 1066 1351 1096 tum

240 1115 365 1165 cupio,
397 1123 482 1152 tum
513 1113 760 1159 (mehercule)
791 1112 906 1150 etiam
939 1111 1067 1150 debeo.
1111 1111 1174 1149 De
1204 1124 1282 1163 quo
1312 1119 1351 1150 et

239 1180 403 1219 praesens
421 1175 548 1205 tecum
567 1166 627 1217 egi
645 1166 858 1216 diligenter,
872 1177 960 1203 cum
979 1172 1023 1202 tu
1041 1164 1138 1202 mihi
1154 1164 1352 1204 humanis-

239 1222 332 1260 sime
351 1220 600 1272 respondisti;
631 1227 668 1257 et
686 1219 818 1270 scripsi
829 1218 879 1256 ad
893 1226 930 1256 te
948 1225 1118 1256 accurate
1129 1225 1263 1256 antffl:
1284 1219 1351 1257 sed

238 1282 348 1326 putat
365 1275 542 1312 interesse
561 1273 644 1319 sua,
663 1285 727 1310 me
745 1271 794 1310 ad
813 1280 850 1310 te
879 1284 997 1323 quam
1027 1270 1230 1322 saepissime
1259 1272 1349 1310 scri-

237 1330 338 1366 bere.
368 1328 511 1375 Quare,
532 1327 646 1364 velim
664 1325 760 1363 mihi
778 1325 962 1376 ignoscas,
979 1324 1024 1370 si,
1039 1325 1142 1362 illius
1158 1325 1345 1364 voluntati

234 1383 512 1432 obtemperans,
538 1380 666 1417 minus
695 1378 851 1417 videbor
879 1378 1096 1416 memInisse
1127 1378 1346 1417 constantiae

234 1443 323 1473 tuae.
352 1435 394 1472 A
412 1442 450 1472 te
467 1433 569 1472 idem
587 1432 685 1471 illud
708 1440 811 1483 peto,
830 1439 875 1470 ut
892 1431 939 1469 de
955 1432 1052 1479 loco,
1078 1444 1155 1482 quo
1173 1431 1346 1483 deportet

235 1488 488 1534 frumentum,
508 1494 545 1525 et
562 1486 609 1525 de
623 1493 805 1537 tempore,
818 1485 971 1523 Aviano
989 1485 1229 1523 commodes:
1250 1497 1346 1537 quo-

237 1554 323 1579 rum
343 1549 550 1592 utrumque
574 1553 641 1591 per
659 1539 838 1577 eumdem
862 1551 925 1576 me
943 1538 1107 1576 obtinuit
1124 1538 1346 1588 triennium,

239 1595 334 1632 dum
353 1594 561 1646 Pompeius
578 1593 640 1632 isti
658 1592 807 1643 negotio
830 1591 994 1643 praefuit.
1037 1593 1199 1631 Summa
1217 1599 1285 1640 est,
1304 1593 1347 1631 in

240 1661 317 1699 quo
345 1647 442 1685 mihi
471 1647 730 1698 gratissimum
758 1645 880 1684 facere
902 1645 1037 1696 possis,
1069 1645 1097 1683 si
1135 1645 1277 1684 curaris
1301 1653 1347 1684 ut

240 1701 430 1747 Avianus,
450 1700 603 1752 quando
622 1712 662 1738 se
675 1713 699 1738 a
715 1712 778 1738 me
789 1699 909 1737 amari
927 1706 1052 1749 putat,
1066 1711 1129 1737 me
1143 1712 1166 1737 a
1178 1705 1215 1737 te
1228 1698 1348 1738 amari

239 1755 343 1793 sciat.
372 1754 460 1792 Erit
476 1753 515 1792 id
534 1754 631 1792 mihi
649 1761 879 1805 pergratum.
909 1752 1020 1791 Vale.

245 1913 359 1962 (76.)
387 1913 449 1952 M.
465 1912 574 1951 'r.c.
599 1873 1058 1959 QUATUORVIRiE'
1074 1911 1151 1950 ET
1177 1911 1351 1951 DECU-

576 1965 871 2015 RIONJBUS‚
900 1965 940 2004 s,
952 1965 1007 2004 D.

301 2073 624 2125 (Argumentum.
639 2097 694 2105 --
708 2071 812 2110 Petit
840 2071 885 2110 C.
905 2069 1046 2120 Valgio
1074 2075 1185 2109 emtae
1207 2081 1352 2122 posses·

245 2125 359 2165 sionis
377 2127 416 2165 in
435 2139 526 2177 agro
545 2126 766 2175 Fregellano
784 2123 1099 2170 immunitatem.)
