1513 2382
263 100 315 137 24
430 98 513 138 AD
541 96 838 138 DIVERSOS.
868 96 969 135 LIB.
999 93 1122 135 XIII.
1150 96 1215 135 23.

316 206 455 246 Titum
474 206 689 255 Manlium,
709 206 778 257 qui
804 203 1020 256 negotiatur
1038 203 1233 256 Thespiis,
1262 205 1376 244 vehe-

261 268 408 300 menter
426 261 556 312 diligo.
586 261 694 298 Nam
713 268 750 298 et
767 271 916 311 semper
933 271 996 296 me
1014 257 1144 306 coluit,
1164 257 1376 310 diligentis-

261 315 433 367 simeque
461 314 687 361 observavit,
711 321 749 352 et
778 327 801 352 a
819 312 954 352 studiis
979 311 1118 350 nostris
1143 324 1221 350 non
1239 313 1377 352 abhor-

260 377 330 408 ret.
368 369 532 408 Accedit
563 381 621 416 eo,
651 368 755 419 quod
785 368 910 406 Varro
941 365 1112 404 Murena
1135 378 1377 429 magnopere

261 424 344 473 ejus
362 436 477 461 631153
495 423 579 461 vult
603 422 758 460 omnia:
789 421 856 472 qui
880 428 1010 458 tamen
1034 419 1280 468 existimavit,
1306 421 1377 460 etsi

262 477 340 515 suis
370 477 501 525 literis,
542 476 683 528 quibus
728 475 799 514 tibi
834 473 1034 512 Manlium
1069 474 1376 522 commendabat,

260 530 370 568 valde
388 530 604 578 confideret,
625 536 753 568 tamen
774 529 863 567 11163
881 526 1210 566 commendatione
1227 527 1375 579 aliquid

261 584 479 622 accessionis
495 583 589 622 fore.
621 583 692 622 Me
721 583 879 635 quidem
898 593 987 620 611111
1005 580 1151 618 Μ311111
1177 580 1376 620 familiari-

262 645 335 685 tas,
369 646 455 676 tum
484 637 670 676 Varronis
703 637 888 683 studium,
925 634 1145 683 commovit,
1178 642 1223 673 ut
1253 635 1304 673 ad
1338 643 1378 675 te

262 705 381 743 quam
411 691 689 730 accuratissime
718 691 929 729 scriberem.
960 687 1232 726 Gratissimum
1259 688 1378 740 igitur

263 745 361 783 [111111
372 745 516 793 feceris,
533 745 564 782 si
581 745 672 783 111116
690 740 1010 783 commendationi
1027 753 1124 779 meae
1141 749 1293 780 tantum
1310 744 1380 781 tri-

264 799 406 845 bueris,
434 806 626 850 quantum
649 798 712 836 cui
741 796 907 835 tribuisti
929 794 1170 846 plurimum:
1199 795 1241 834 id
1257 804 1327 844 oet,
1347 798 1379 836 si

266 853 318 890 T.
336 853 548 900 Manlium,
580 865 699 903 quam
715 851 901 898 maxime,
930 847 1238 910 quibuscumque
1265 852 1379 891 rebus

264 906 421 944 honeste
448 919 492 944 ac
519 919 589 956 pro
615 906 683 944 tua
704 905 889 956 dignitate
911 900 1066 953 poteriS‚
1091 902 1236 952 juveris
1264 910 1380 956 atque

264 959 466 998 ornaveris.
496 959 595 997 Ex
584 960 779 1010 1psiusque
804 964 986 1016 praeterea
1009 955 1232 1005 gratissimis
1250 964 1288 996 et
1304 958 1379 996 hu-

262 1013 494 1052 manissimis
522 1014 708 1061 moribus,
739 1013 923 1051 confirmo
950 1007 1036 1056 tibi,
1062 1017 1100 1047 te
1127 1022 1232 1058 eum,
1262 1024 1381 1062 quem

265 1068 361 1106 soles
377 1068 546 1105 fructum
565 1081 589 1106 a
605 1069 794 1106 bonorum
811 1065 980 1104 virorum
997 1060 1130 1102 officiis
1147 1072 1377 1116 exspectare,

266 1134 344 1160 esse
362 1129 577 1173 capturum.
606 1121 717 1161 Vale.

488 1277 604 1328 (23.)
635 1276 845 1317 CICERO
873 1277 1086 1318 SERVIO
1113 1279 1154 1318 S.

323 1388 650 1440 (Argumentum.
675 1409 729 1415 -
750 1386 970 1426 Cossinium
998 1385 1238 1426 Anchialum
1265 1387 1380 1428 liber.

266 1449 353 1481 tum
370 1440 644 1490 commendat.)

322 1549 446 1588 Lucio
473 1547 660 1596 Cossinio,
684 1547 806 1586 amico
824 1555 861 1586 et
887 1547 1021 1587 tribuli
1039 1554 1120 1595 tuo,
1140 1548 1251 1588 valde
1267 1549 1380 1589 fami-

267 1604 410 1642 liariter
427 1610 527 1641 utor.
559 1604 664 1641 Nam
684 1609 720 1639 et
744 1602 843 1640 inter
866 1609 1016 1640 nosmet
1037 1603 1138 1654 ipsos
1162 1610 1270 1642 vetus
1287 1617 1382 1643 usus

268 1657 490 1701 intercedit;
521 1663 559 1694 et
585 1656 740 1695 Atticus
769 1663 895 1694 noster
922 1657 1109 1705 majorem
1140 1656 1256 1695 edam
1284 1657 1382 1696 mihi

269 1724 360 1750 curn
379 1710 552 1750 Cossinio
571 1710 882 1748 consuetudinem
900 1710 1001 1748 fecit.
1030 1710 1170 1761 Itaque
1191 1717 1271 1749 tota
1287 1711 1382 1750 Cos-

268 1765 357 1803 sinii
381 1765 517 1802 domus
541 1777 605 1802 me
629 1763 767 1814 diligit,
793 1763 835 1801 in
862 1763 1074 1815 primisque
1094 1764 1253 1803 libertus
1284 1767 1381 1814 ejus,

271 1819 320 1856 L.
341 1818 444 1856 Coss'
423 1818 534 1855 1111115
553 1818 782 1863 Anchialus,
802 1817 919 1855 homo
939 1824 976 1855 et
988 1824 1163 1868 patrono,
1182 1824 1219 1856 et
1232 1820 1384 1869 patroni

270 1872 485 1910 necessariis
507 1872 630 1922 (quo
620 1884 661 1908 m
679 1883 839 1909 numero
858 1884 928 1922 ego
941 1870 1062 1920 sum),
1081 1871 1381 1922 probatissimus.

272 1925 393 1964 Hunc
411 1925 481 1963 tibi
499 1926 553 1962 ita
571 1925 807 1973 commendo,
837 1932 895 1972 ut,
916 1924 947 1962 51
971 1937 1080 1962 1116115
1098 1925 1256 1963 libertus
1274 1934 1383 1975 esset,

273 1979 482 2030 eodemque
499 1978 602 2030 apud
620 1991 683 2017 me
701 1979 783 2016 loco
798 1987 906 2025 esset,
922 1991 998 2029 quo
1017 1985 1054 2016 et
1068 1985 1124 2016 est
1137 1978 1240 2029 apud
1257 1987 1385 2030 patro-

273 2045 369 2071 num
389 2045 518 2079 suum,
538 2033 682 2082 majore
701 2032 826 2070 studio
846 2032 1111 2070 commendare
1128 2044 1205 2070 non
1223 2045 1385 2083 possem.

274 2087 406 2135 Quare
427 2093 648 2137 pergratum
673 2086 770 2124 mihi
787 2086 934 2134 feceris,
954 2086 987 2124 si
1006 2099 1096 2124 eum
1121 2085 1163 2124 in
1180 2086 1388 2126 amicitiam

274 2147 383 2178 tuam
402 2140 598 2191 receperis,
619 2148 733 2191 atque
752 2153 856 2186 eum,
886 2139 1010 2192 (quod
1027 2139 1107 2178 sine
1131 2139 1305 2179 molestia
1322 2141 1390 2179 tufi

278 2193 363 2245 fiat)
386 2194 416 2232 si
436 2195 510 2245 qua
543 2193 584 2231 in
602 2206 643 2232 re
661 2207 756 2245 opus
775 2193 809 2232 61
837 2193 964 2241 fuerit,
982 2193 1137 2243 juveris.
1170 2193 1215 2239 Id
1237 2201 1274 2232 et
1291 2195 1388 2233 mihi
