1513 2382
168 90 248 128 318
385 85 464 124 AD
493 84 774 125 ATTICUM.
803 86 995 126 LmVI.
1027 87 1074 124 4.·

166 196 217 235 In
237 195 283 234 e&
300 200 430 233 autem
449 192 608 246 epistolii
626 195 706 232 erat
721 193 820 232 illud
837 194 942 233 idem
958 194 1007 233 de
1024 205 1164 243 sorore,
1177 193 1282 246 qu'od

167 250 217 288 ad
235 262 309 287 me.
342 248 509 287 Mirifice
536 249 806 287 conturbatum
827 248 906 286 vidi
929 261 1106 300 puerum.
1136 249 1281 299 Lacry-

167 316 279 341 mans
296 315 449 341 mecum
475 310 531 341 est
553 309 720 353 questus.
751 300 859 348 Quid
876 302 1013 353 quaeris
1029 305 1047 341 ,⁹
1077 302 1216 340 miram
1240 302 1281 340 in

167 370 212 396 eo
230 357 425 409 pietatem,
446 356 684 401 suavitatem,
705 355 1061 407 humanitatemque
1078 355 1279 408 perspexi:

168 424 247 463 quo
271 412 456 459 majorem
482 422 589 461 spem
616 409 752 455 habeo,
772 408 867 446 nihil
893 408 973 447 fore
1000 410 1122 459 aliter,
1148 423 1192 449 ac
1217 409 1284 448 de-

169 476 264 504 ceat.
294 465 343 502 Id
362 472 399 502 te
417 464 535 514 igitur
553 462 647 500 scire
665 462 781 500 volui.

223 519 288 557 Ne
306 518 405 556 illud
424 517 579 568 quidem
601 515 891 567 praetermittam
907 529 918 554 :
949 517 1192 564 Hortensius,
1211 517 1287 555 fili-

169 586 229 621 us,
257 572 331 610 fuit
350 571 563 617 Laodiceae,
587 569 876 620 gladiatoribus,
897 570 1078 620 flagitiose
1103 579 1141 609 et
1163 571 1287 623 turpi-

170 634 238 665 ter.
269 626 389 664 Hunc
407 638 491 676 ego,
511 624 629 675 patris
652 622 777 670 causti,
802 624 932 662 vocavi
949 624 1001 662 ad
1028 636 1188 672 coenam,
1209 638 1287 676 quo

169 680 232 719 die
257 680 386 724 venit;
419 686 470 725 et,
499 678 671 728 ejusdem
690 677 808 728 patris
827 678 955 724 causa,
984 677 1081 716 nihil
1108 679 1289 730 amplius.

169 733 211 772 Is
230 733 327 771 mihi
346 732 457 779 dixit,
478 745 517 770 se
530 731 697 770 Athenis
711 744 774 769 me
797 739 1120 783 exspectaturum,
1143 742 1189 771 ut
1205 745 1300 770 me-·

169 800 259 826 cum
271 786 474 825 decederet.
505 786 638 833 Recte,
658 786 842 836 inquam:
873 785 969 836 quid
980 786 1082 824 enim
1096 786 1288 824 dicerem?

171 841 346 880 Omnino
370 848 465 892 puto
483 840 582 878 nihil
598 853 689 886 esse,
710 839 814 891 quod
841 839 939 877 dixit
955 854 966 877 ε
995 840 1085 878 nolo
1103 840 1259 892 quidem
1275 855 1288 887 ς

170 908 219 934 ne
238 895 429 933 offendam
448 902 610 946 patrem,
632 906 749 945 quem
769 892 1021 945 (mehercule)
1043 895 1217 932 multum.
1231 894 1290 932 di.

169 950 260 1001 ligo.
290 949 359 988 Sin
377 948 492 986 fuerit
511 960 620 986 meus
640 960 779 996 comes,
799 947 1024 987 moderabor
1042 947 1110 997 ita,
1129 961 1178 987 ne
1196 948 1291 1001 quid

168 1016 259 1042 eum
278 1002 485 1051 offendam,
506 1014 622 1054 quem
641 1001 802 1040 minime
819 1002 916 1040 volo.

225 1058 324 1096 Haec
353 1064 470 1095 sunt:
513 1057 628 1094 etiam
656 1055 766 1093 illud.
809 1055 1036 1095 Orationem
1064 1055 1116 1105 Q.
1146 1055 1290 1095 Celeris

170 1111 282 1159 mihi,
312 1111 442 1160 velim,
474 1111 603 1148 mittas
631 1117 761 1149 contra
788 1110 849 1148 M.
881 1110 1098 1149 Servilium.
1140 1110 1290 1148 Literas

171 1166 281 1203 mitte
311 1165 632 1216 quamprimum:
663 1163 694 1202 si
726 1164 851 1209 nihil3
881 1164 978 1202 nihil
1009 1164 1104 1214 fieri,
1133 1164 1195 1203 vel
1222 1177 1290 1216 per

171 1227 285 1257 tuum
304 1218 559 1258 tabellarium.
590 1218 701 1256 Piliae
726 1224 763 1256 et
785 1218 875 1256 filiae
902 1218 1078 1257 salutem.
1114 1218 1218 1257 Cura
1244 1224 1289 1256 ut

173 1272 310 1312 valeas.

403 1441 493 1494 (4.)
525 1442 737 1482 CICERO
767 1441 985 1482 ATTICO
1013 1440 1053 1480 S.

225 1551 394 1590 Tarsum
406 1553 583 1591 venimus
604 1553 729 1592 Nonis
743 1553 886 1592 Juniis.
908 1553 973 1592 Ibi
983 1565 1047 1590 me
1061 1550 1186 1589 multa
1205 1562 1290 1588 mo-

171 1613 331 1644 verunt:
362 1620 550 1658 magnum
575 1608 616 1645 in
636 1606 745 1659 Syria
768 1609 941 1653 bellum3
970 1618 1114 1657 magna
1137 1604 1178 1642 in
1197 1603 1293 1643 cili-

171 1658 230 1696 cia
265 1660 489 1707 latrocinia3
533 1661 631 1699 mihi
662 1661 825 1700 difficilis
857 1661 952 1700 ratio
985 1657 1291 1705 administrandi,

171 1714 277 1763 quod
294 1728 435 1765 paucos
454 1715 533 1753 dies
557 1715 748 1754 habebam
772 1715 939 1767 reliquos
967 1714 1086 1753 annui
1110 1712 1294 1751 muneris.

170 1766 279 1805 Illud
296 1777 426 1807 autem
445 1769 715 1808 difficillimum
731 1783 744 1815 ;
773 1769 1045 1821 relinquendus
1064 1775 1144 1806 erat
1168 1779 1213 1805 ex
1235 1779 1294 1820 se-

171 1823 492 1871 natas-consulto,
521 1824 589 1875 qui
613 1830 801 1875 praeesset.
835 1823 951 1862 Nihil
980 1822 1111 1860 minus
1141 1819 1296 1873 probari

169 1882 331 1924 poterat,
352 1890 471 1928 quam
486 1886 650 1929 quaestor
669 1877 880 1928 Mescinius
897 1892 906 1915 :
929 1890 1022 1915 nam
1035 1876 1083 1914 de
1097 1875 1217 1914 Coelio
1235 1874 1295 1911 ni-

172 1927 229 1966 hil
267 1930 530 1970 audiebamus.
579 1932 853 1970 Rectissimum
884 1931 1097 1975 videbatur,
1134 1929 1293 1966 fratrem

172 1994 263 2020 cum
279 1983 441 2035 imperio
460 1985 672 2037 relinquere
688 2000 698 2023 :
730 1986 770 2024 in
789 1999 867 2038 quo
885 1985 1011 2023 multa
1020 1983 1195 2031 molesta,
1216 1981 1294 2019 dis-

172 2048 299 2074 cessus
322 2046 461 2086 noster,
485 2039 577 2077 belli
598 2040 828 2091 periculum,
854 2039 1027 2077 militum
1051 2035 1292 2089 improbitas,

174 2099 351 2129 sexcenta
369 2100 566 2144 praeterea.
597 2093 636 2132 Ο
655 2107 737 2132 rem
756 2101 877 2133 totam
894 2093 1064 2132 odiosam
1082 2092 1092 2130 Ξ
1124 2089 1190 2129 sed
1211 2089 1294 2128 haec

175 2142 349 2234 fortuna
366 2146 527 2186 viderit:
555 2148 741 2199 quoniam
765 2147 921 2187 consilio
939 2159 1016 2186 non
1042 2146 1210 2184 multum
1235 2142 1305 2181 uti'

192 2205 275 2236 icet.
