1513 2382
199 103 275 141 123
367 101 452 141 AD
481 101 778 142 DIVERsos.
808 102 1049 141 L1n.xvl.
1083 102 1145 140 18.

361 208 482 263 (17)
513 211 574 250 M.
590 211 640 250 Τ
658 210 706 251 c.
737 208 943 249 TIRONI
973 210 1014 249 5.
1031 208 1078 248 Ρ.
1094 208 1151 247 D.

252 307 579 359 (Argumentum.
595 331 650 339 -
664 305 850 344 Tironem
867 305 1038 346 modeste
1056 304 1312 356 reprehendit,

196 361 302 413 quod
325 361 503 400 adverbio
529 363 557 384 ⁶⁶
574 359 784 398 Fideliter'’
815 372 894 399 non
918 367 1018 399 recte
1040 372 1132 399 usus
1160 358 1285 398 fuerat
1298 374 1311 398 ε

197 423 249 465 et,
279 422 323 454 ut
342 414 586 454 valetudinie
570 413 719 463 serviat,
741 413 955 463 admonet.)
1014 438 1024 445 -

249 523 389 571 Video,
409 522 504 575 quid
522 536 624 574 agas.
667 522 776 560 'ruas
804 535 958 574 quoque
986 521 1161 574 epistolas
1179 520 1237 560 vis
1255 534 1314 561 re-

193 577 283 616 ferri
300 578 341 616 111
360 577 567 615 volumina.
597 576 673 615 Sed
691 575 800 624 heus,
819 584 877 623 tu,
895 576 962 628 qui
984 591 1094 613 κανων
1114 588 1193 614 0550
1210 588 1315 615 11100-

192 643 282 669 rum
301 631 528 683 scriptorum
547 631 657 677 soles,
678 630 780 667 unde
798 630 897 668 illud
924 637 1004 668 tam
1031 643 1169 679 ακυρον,
1201 632 1229 652 “
1249 643 1315 668 va-

191 685 356 723 letudini
367 685 527 724 fideliter
544 683 782 722 inserviendo
791 684 838 720 ?''
867 684 983 722 Unde
997 683 1037 721 in
1048 683 1166 721 istum
1184 683 1314 722 locum

193 741 224 762 ⁶⁶
240 739 429 777 fideliter”
455 738 590 777 venit?
619 737 682 776 cui
701 739 815 776 verbo
834 737 1072 776 domicilium
1091 742 1148 775 est
1165 737 1316 788 propri-

191 805 261 830 um
279 793 320 831 in
339 792 489 839 offici03
519 790 765 843 migrationes
783 791 824 829 in
842 792 1012 830 alienum
1031 791 1177 830 multae.
1207 791 1313 829 Nam

192 854 230 885 et
255 846 439 896 doctrina,
459 854 498 885 et
519 846 671 890 domus,
704 852 741 884 et
763 859 837 893 ars,
861 853 898 884 et
923 859 1013 896 ager
1040 844 1170 894 etiam,
1190 844 1314 884 fidelis

191 900 266 938 dici
284 908 408 952 potest
420 914 433 948 ς
463 908 510 939 ut
527 900 575 938 sit
590 899 804 952 (quomodo
818 899 1084 952 Theophrasto
1095 897 1238 950 placet)
1251 912 1316 938 ve-

191 955 359 993 recunda
384 955 546 993 tralatio.
586 953 663 993 sed
681 954 763 991 haec
781 966 920 992 coram.
962 953 1186 992 Demetrius
1211 953 1315 992 venit

193 1008 243 1046 ad
255 1021 318 1048 me
332 1024 343 1046 ι
373 1022 451 1061 quo
470 1008 627 1060 quidem
647 1007 829 1046 comitatu
847 1013 1020 1056 αφωμιλη
1029 1022 1098 1045 σας
1120 1007 1210 1046 satis
1229 1007 1312 1046 scis.

193 1062 261 1101 Tu
287 1076 378 1101 eum
407 1063 582 1102 videlicet
609 1074 684 1100 non
705 1061 863 1113 potuisti
881 1061 1036 1100 videre:
1065 1073 1146 1100 cras
1163 1061 1285 1100 aderit
1300 1076 1313 1099 z

196 1116 340 1155 videbis
357 1117 476 1168 igitur
491 1131 502 1154 ε
532 1129 624 1154 nam
653 1128 723 1166 ego
741 1116 831 1154 hinc
848 1115 1027 1166 perendie
1044 1127 1159 1153 mane
1177 1115 1315 1166 cogito.

194 1170 293 1208 Vale
295 1170 390 1209 tudo
409 1178 477 1208 tua
501 1183 564 1209 me
583 1169 693 1207 valde
711 1169 912 1208 sollicitat:
943 1169 1009 1207 sed
1026 1168 1179 1218 inservi,
1200 1176 1238 1207 et
1255 1169 1315 1208 fae

191 1225 347 1263 omnia.
379 1232 464 1262 tum
483 1232 520 1263 te
531 1236 685 1261 mecum
700 1236 738 1261 es
739 1236 793 1270 se,
809 1231 895 1261 tum
906 1223 1004 1261 mihi
1015 1222 1316 1262 cumulatissime

193 1278 418 1326 satisfacere.
438 1286 585 1330 putato.
615 1277 759 1328 Cuspio
771 1277 875 1328 quod
888 1290 1043 1329 operam
1053 1275 1205 1325 dedisti,
1217 1277 1314 1316 1111111

191 1339 347 1383 gratum
367 1340 434 1371 est.
463 1332 590 1371 Valde
610 1330 713 1370 enim
732 1332 765 1380 ej
772 1344 815 1369 us
833 1344 947 1370 causa
966 1331 1063 1369 volo.
1092 1330 1204 1370 Vale.

329 1495 449 1548 (18.)
477 1492 732 1534 TULLIUS
761 1492 968 1534 TIRONI
998 1492 1037 1533 S.
1052 1493 1099 1534 P.
1113 1494 1169 1533 D.

248 1604 571 1655 (Argumentum.
584 1602 808 1642 -Liberto
828 1602 965 1642 Tironi
995 1602 1210 1654 respondet,
1243 1619 1313 1657 pa-

193 1658 294 1697 troni
319 1658 490 1707 nomina,
524 1671 572 1696 ne
597 1656 784 1696 invidiam
805 1657 944 1702 ferant,
974 1656 1204 1708 deprecanti.
1250 1659 1313 1699 De

192 1712 409 1751 valetudine
432 1712 661 1764 gratulatur,
683 1711 747 1750 cui
760 1719 805 1750 ut
821 1711 1034 1761 indulgeat,
1050 1723 1141 1749 111011
1144 1719 1192 1750 01.
1223 1713 1311 1752 Ad-

193 1767 327 1806 miscet
344 1766 453 1815 alia.)

246 1874 355 1923 Quid
379 1874 529 1927 igitur?
558 1887 635 1914 non
664 1875 717 1914 sic
744 1882 892 1927 oportet
905 1876 924 1913 ?
953 1873 1149 1926 Equidem
1177 1887 1311 1917 censeo

192 1928 270 1967 510.
299 1929 520 1968 addendum
532 1930 662 1977 etiam,
684 1931 806 1968 ⁶⁶suo.
810 1929 836 1947 ''
864 1928 954 1976 Sed,
968 1928 1000 1967 si
1010 1929 1148 1979 placet,
1168 1929 1312 1970 invidia

192 1983 357 2029 vitetur3
388 1996 506 2034 quam
539 1984 697 2035 quidem
731 1997 801 2035 ego
837 1995 936 2034 saepe
970 1983 1166 2021 oontemsi.
1217 1984 1311 2023 Tibi

193 2036 247 2073 δια
228 2045 401 2086 αινῬορησ
420 2038 567 2087 gaudeo
584 2036 782 2089 profuisse.
812 2037 855 2077 Si
872 2049 961 2075 vero
985 2035 1099 2074 etiam
1119 2036 1311 2076 Tuscula-

192 2102 303 2137 num,
325 2089 393 2128 Dii
415 2092 531 2129 boni!
563 2098 707 2143 quanto
730 2091 827 2130 mihi
853 2090 950 2128 illud
975 2088 1046 2128 erit
1077 2090 1306 2129 amabilius!

191 2143 282 2194 Sed,
302 2143 334 2183 si
358 2157 421 2184 me
449 2158 555 2184 amas
584 2145 706 2198 (quod
733 2144 889 2197 quidem
917 2152 983 2184 aut
1010 2143 1116 2192 facis,
1137 2152 1204 2183 aut
1221 2158 1308 2196 per-
