1513 2382
194 80 274 116 200
392 77 476 116 AD
503 76 787 116 ATTICUM.
818 76 918 116 Lm.
948 77 1009 116 ΙΙ.
1042 76 1107 117 19.

201 185 408 235 aliquando
443 197 520 222 non
545 184 660 222 modo
687 184 867 235 privatos,
893 197 1029 223 verum
1049 183 1166 222 etiam
1194 184 1317 246 magi-

202 245 371 298 stratus,
395 238 532 276 liberos
568 238 659 276 fore.
708 238 796 275 Hac
831 246 961 275 tamen
990 238 1032 276 in
1063 237 1320 288 oppressione,

202 304 340 337 sermo,
360 291 401 328 in
420 291 568 329 circulis
587 292 775 329 duntaxat
793 298 830 328 et
848 291 1043 337 conviviis,
1074 299 1131 329 est
1153 290 1321 339 liberior,

205 357 324 395 quam
351 344 436 382 fuit.
466 345 516 384 V
507 357 630 383 meere
653 345 788 395 incipit
815 344 991 383 timorem
1016 344 1137 391 dolon
1164 344 1233 382 sed
1254 344 1323 394 ita,

204 405 249 435 ut
267 398 396 436 omnia
414 399 491 436 sint
507 398 728 449 plenissima
745 398 1027 448 desperationis.
1056 397 1189 435 Habet
1207 398 1323 436 etiam

207 451 478 502 Campanalex
486 452 779 490 exsecrationem
786 452 826 488 in
835 451 1012 489 concione
1020 451 1324 499 candidatorum,

206 505 238 542 si
255 505 488 544 mentionem
497 505 667 551 fecerint,
684 517 761 555 quo
780 505 887 542 aliter
900 518 989 555 ager
1006 504 1256 556 possideatur,
1268 512 1327 542 at-

206 571 283 649 que
301 566 346 596 ut
365 572 412 596 ex
436 559 586 609 legibus
606 558 736 596 Juliis.
768 558 861 595 Non
891 558 1069 596 dubitant
1096 559 1227 607 jurare
1254 571 1326 596 cae-

291 611 548 650 :Laterensis
567 611 806 650 existimatur
830 611 935 649 laute
960 611 1106 659 fecisse,
1136 611 1241 662 quod
1258 612 1327 649 tri-

206 618 397 702 brinatum
415 666 536 716 plebis
554 672 679 715 petere
697 664 854 713 destitit,
869 677 918 702 ne
927 665 1083 713 juraret.

262 718 338 757 Sed
357 719 404 756 de
418 732 459 756 re
471 718 627 769 publica
644 731 721 756 non
738 718 833 756 libet
849 719 962 769 plura
976 719 1147 756 scribere.
1175 715 1325 769 Displi-

208 784 274 810 ceo
287 772 399 819 mihi,
415 784 485 810 nec
498 773 578 810 sine
592 785 745 810 summo
756 772 876 810 scribo
890 772 1029 810 dolore.
1058 771 1131 809 Me
1145 778 1267 820 tueor,
1281 779 1326 810 ut

209 826 395 885 oppressis
409 826 602 870 omnibus,
621 838 698 864 non
717 825 904 871 demisse3
924 832 969 863 ut
979 825 1095 863 tantis
1113 826 1227 863 rebus
1231 838 1328 886 ’ges-

210 878 272 926 tis,
296 892 435 939 pamm
452 879 610 918 fortiter.
639 880 680 918 A
700 879 848 918 Caesare
872 854 983 917 v'alde
1001 878 1240 917 liberaliter·
1228 878 1328 917 mvi-

211 940 269 970 tor
293 933 333 970 in
363 933 592 984 legationem
617 933 739 979 illam,
767 933 838 971 sibi
855 940 899 970 ut
918 932 991 971 sim
1008 933 1179 983 legatus.
1210 940 1327 984 atque

209 986 326 1023 etiam
339 986 458 1024 libera
471 987 610 1037 legatio
624 987 702 1025 voti
716 999 830 1024 causa
841 986 964 1024 datur.
994 986 1070 1024 Sed
1082 985 1164 1024 haec
1177 993 1228 1024 et
1230 999 1329 1037 prae—

211 1039 297 1076 sidii
316 1040 420 1090 apud
437 1040 623 1091 pudorem
652 1040 845 1078 Pulchelli
871 1052 949 1077 non
977 1040 1093 1078 habet
1119 1039 1222 1088 satis,
1251 1046 1290 1090 qt
1305 1053 1329 1078 a

212 1093 336 1131 fratris
355 1093 521 1131 adventu
539 1107 603 1131 me
621 1094 795 1144 ablegat.
825 1094 893 1131 issa
922 1100 959 1131 et
985 1093 1169 1130 munitior
1196 1100 1264 1140 est,
1291 1100 1330 1131 et

212 1158 290 1184 non
308 1146 482 1197 impedit,
496 1147 701 1198 quominus
715 1146 853 1194 adsim,
868 1141 958 1185 cum
972 1146 1099 1184 velim.
1129 1146 1244 1185 Hanc
1255 1160 1327 1207 ego

212 1206 345 1244 tene03
377 1200 442 1238 sed
460 1213 622 1238 usurum
640 1213 704 1238 me
721 1213 797 1238 non
816 1208 939 1251 puto;
968 1211 1092 1250 neque
1106 1206 1234 1237 tamen
1259 1200 1330 1238 scit

212 1253 429 1304 quisquam.
459 1254 501 1291 N
503 1266 552 1291 on
565 1254 673 1292 lubet
686 1254 841 1305 fugere:
863 1266 956 1291 aveo
969 1265 1166 1304 pugnare:
1186 1266 1330 1304 magna

213 1314 303 1344 sunt
317 1307 520 1345 hominum
538 1307 663 1346 studia
676 1322 688 1345 z
718 1307 783 1346 sed
800 1307 898 1345 nihil
916 1306 1076 1345 affirmo.
1105 1306 1171 1344 Tu
1189 1306 1262 1346 hoc
1279 1306 1330 1346 si-

214 1359 321 1397 lebis.

268 1413 332 1452 De
342 1413 464 1453 Statio
483 1414 733 1461 manumisso,
748 1421 786 1452 et
802 1413 998 1452 nonnullis
1015 1414 1099 1452 aliis
1117 1415 1244 1461 rebus,
1259 1426 1330 1452 an-

214 1479 282 1517 gor
300 1467 482 1518 quidem;
512 1468 578 1506 sed
591 1469 676 1517 jam
689 1480 843 1519 prorsus
861 1467 1032 1505 occallui.
1073 1468 1153 1514 Tu,
1172 1467 1327 1516 vellem,

217 1520 354 1571 [egove
373 1523 586 1572 cuperem,]
608 1521 778 1560 adesses:
807 1533 877 1559 nec
902 1521 1000 1558 mihi
1028 1521 1231 1559 consilium
1259 1533 1330 1560 nec

215 1575 420 1613 consolatio
437 1575 594 1614 deesset.
621 1575 697 1614 Sed
723 1576 778 1613 ita
795 1581 832 1613 te
850 1587 956 1626 para,
979 1581 1037 1624 ut,
1057 1575 1088 1613 si
1106 1574 1328 1624 inclamaro,

216 1628 380 1667 advoles.

431 1791 545 1839 (19.)
573 1789 785 1830 CICERO
811 1790 1034 1832 ATTICO
1062 1791 1103 1830 S.

271 1897 405 1936 Multa
421 1910 484 1936 me
503 1898 720 1947 sollicitant,
732 1906 770 1937 et
787 1911 835 1937 ex
852 1898 1070 1950 reipublicae
1087 1904 1193 1937 tanto
1206 1906 1329 1947 motu,

220 1960 258 1988 et
276 1964 324 1989 ex
342 1952 389 1990 iis
407 1952 584 2003 periculis
604 1966 691 2004 quae
710 1953 808 1991 mihi
825 1952 899 2004 ipsi
916 1952 1180 2001 intenduntur,
1201 1961 1238 1991 et
1249 1966 1334 1992 sex-

218 2013 327 2042 centa
352 2013 452 2044 sunt.
481 2006 557 2044 Sed
574 2007 672 2044 mihi
689 2007 788 2045 1111111
811 2014 867 2045 est
881 2006 1094 2053 molestius,
1110 2019 1227 2057 quarn
1246 2007 1333 2046 Sta-

219 2058 317 2095 tium
351 2060 645 2098 manumissum.
689 2062 715 2082 “
743 2062 785 2099 N
787 2073 828 2099 ec
854 2073 988 2098 meum
1014 2059 1218 2111 imperium
1236 2063 1254 2099 ἓ
1289 2074 1335 2099 ac

219 2111 330 2149 mitto
344 2112 548 2163 imperium
562 2128 574 2158 ς
605 2126 681 2152 non
696 2114 930 2153 simultatem
945 2126 1072 2153 meam
1085 2114 1242 2153 revereri
1259 2114 1335 2152 sal-

220 2173 298 2203 tem
312 2165 358 2204 ?'’
387 2167 429 2204 N
432 2179 486 2216 ec,
503 2167 596 2218 quid
610 2168 765 2220 faciam,
786 2168 884 2208 scio:
915 2181 1039 2220 neque
1054 2174 1204 2207 tantum
1223 2175 1280 2208 est
1295 2167 1338 2206 in
