1513 2382
144 62 224 99 306
358 60 441 98 AD
461 58 879 98 ATTICUM.‘1.113.
898 56 977 96 VI.
1010 59 1047 97 1.

148 174 254 218 opto)
271 180 347 205 non
366 174 592 218 prorogatur
604 174 777 205 nostrum
792 167 988 217 negotium
1004 172 1017 213 ς’
1044 165 1268 205 Βεὼθοὶῐιι-

150 222 260 259 nium
276 229 313 259 et
327 220 542 268 Quintilem
562 221 603 258 in
613 231 731 259 metu.
759 221 874 266 Est03
892 221 970 260 duo
984 220 1141 272 quidem
1154 232 1263 258 men-

152 288 209 313 ses
224 275 422 313 sustinebit
436 275 613 313 Bibulus.
643 275 750 322 Quid
762 274 828 312 illo
842 274 919 321 fiet,
936 287 1052 326 quem
1063 273 1264 325 reliquero,

153 329 362 379 praesertim
387 329 418 367 si
440 329 627 367 fratrem?
657 329 751 380 quid
775 341 839 366 me
859 335 1003 376 autem,
1031 328 1063 366 si
1087 332 1163 365 non
1185 334 1265 365 tam

154 382 229 420 cito
257 382 429 421 decedo?
465 383 615 432 Magna
646 384 759 420 turba
783 390 849 420 est.
887 382 992 420 Mihi
1016 389 1144 419 tamen
1176 393 1265 420 cum

156 435 340 474 Deiotaro
358 436 546 482 convenit,
573 444 617 473 ut
642 435 707 473 ille
734 436 774 473 in
796 435 892 473 meis
909 436 1039 474 castris
1065 443 1160 474 esset
1177 447 1268 472 cum

157 490 234 528 suis
249 490 366 550 copiis
383 490 574 527 omnibus.
606 489 736 527 Habet
754 496 884 526 autem
902 490 1070 527 cohortes
1088 488 1270 540 quadrin-

158 544 330 594 genarias
362 543 492 580 nostra
518 542 714 580 armatura
744 542 899 587 XXX;
944 543 1117 602 equitum
1153 542 1268 580 MM.

159 597 248 635 Erit
265 597 314 634 ad
334 596 638 641 sustentandum,
659 596 786 646 quoad
800 596 1008 647 Pompeius
1026 596 1178 641 veniat;
1206 595 1274 647 qui

159 650 291 695 literis,
313 663 407 701 quas
419 649 470 687 ad
495 662 558 687 me
575 650 707 697 mittit,
727 648 926 699 significat,
946 662 1060 687 suum
1078 648 1275 700 negotium

161 704 259 741 illud
278 704 368 741 fore.
399 703 614 741 Hiemant
604 715 645 740 111
670 704 799 740 nostra
813 703 1007 753 provincia
1021 702 1179 740 Parthi:
1209 715 1276 740 ex-

161 766 353 808 spectatur
380 757 461 808 ipse
493 756 653 795 Orodes
692 756 801 804 Quid
827 756 988 807 quaeris.
977 759 995 783 ⁹
1037 755 1277 832 aliquantum

166 819 222 849 est
240 811 396 861 negotii.

221 865 284 903 De
303 865 438 903 Bibuli
456 864 591 912 edicto,
611 866 708 904 1111111
727 865 829 913 novi,
858 871 994 916 praeter
1017 864 1125 902 illam
1143 877 1280 916 excep-

167 918 323 965 tionem,
355 919 401 957 de
421 932 496 970 qua
524 926 568 957 tu
593 920 642 957 ad
665 932 729 958 me
750 919 961 970 scripseras,
989 921 1019 942 ‘⁶
1037 917 1151 956 nimis
1175 918 1283 969 gravi

165 972 413 1023 praejudicio
403 985 444 1009 1n
463 972 635 1011 ordinem
661 974 860 1012 nostrum.'
866 973 992 1023 'Ego
1010 979 1144 1010 tamen
1161 972 1283 1011 habeo

166 1027 282 1062 ισοὸυ-
289 1041 460 1073 moveram,
493 1026 558 1064 sed
589 1027 798 1075 tectiorem,
825 1039 873 1065 ex
905 1026 957 1074 Q.
986 1026 1127 1073 Mucii,
1165 1026 1212 1064 Ρ.
1232 1026 1281 1065 F.

167 1080 289 1118 edicto
310 1065 493 1127 Asiatico,
511 1083 539 1102 “
555 1088 663 1119 extra
679 1094 798 1133 quam
812 1081 844 1119 si
857 1081 911 1119 ita
923 1080 1119 1132 negotium
1134 1086 1284 1130 gestum

169 1142 239 1179 est,
262 1144 305 1171 ut
329 1146 373 1171 eo
401 1134 491 1171 stari
515 1146 592 1172 non
620 1142 803 1186 oporteat,
823 1148 872 1174 ex
896 1134 971 1173 fide
997 1134 1100 1172 bona
1114 1135 1154 1172 :⁹³
1182 1134 1285 1172 mul-

172 1195 287 1239 taque
312 1200 400 1225 sum
432 1196 582 1226 secutus
613 1189 815 1234 Scaevolae;
855 1188 897 1226 in
925 1188 972 1226 iis
1002 1187 1114 1235 illud,
1142 1187 1183 1226 in
1208 1201 1285 1239 quo

170 1241 245 1279 sibi
270 1241 484 1279 libertatern
503 1249 655 1280 censent
674 1242 799 1280 Graeci
822 1242 967 1290 datam,
987 1248 1032 1279 ut
1049 1241 1173 1280 Graeci
1190 1240 1288 1279 intei-

171 1308 212 1333 se
236 1294 445 1345 disceptent
466 1295 542 1333 suis
567 1295 728 1346 legibus.
756 1297 882 1334 Breve
903 1302 1032 1333 autem
1051 1294 1216 1333 edictum
1233 1302 1289 1335 est

167 1356 328 1399 ‘propter
355 1349 455 1387 hanc
479 1361 608 1386 meam
632 1350 814 1400 διαιρεσιν,
841 1349 945 1401 quod
969 1349 1118 1387 duobus
1142 1349 1288 1399 generi-

173 1404 246 1440 bus
274 1402 499 1440 edicendum
523 1403 682 1453 putavi;
713 1416 879 1454 quorum
904 1415 1028 1441 unum
1053 1410 1109 1440 est
1135 1403 1289 1454 provin-

174 1455 281 1503 ciale,
316 1456 357 1493 in
389 1469 467 1507 quo
495 1465 550 1494 est
585 1456 632 1494 de
663 1457 873 1496 rationibus
904 1456 1115 1504 civitatum,
1141 1456 1189 1494 de
1218 1470 1291 1496 aere

175 1509 313 1554 alieno,
335 1509 382 1546 de
400 1510 532 1556 usura,
545 1509 593 1548 de
611 1511 862 1562 syngraphis,
892 1510 933 1547 in
953 1509 1085 1548 eodem
1103 1509 1233 1548 omnia
1243 1510 1293 1550 de

176 1563 415 1614 publicanis:
437 1564 615 1611 alterum,
632 1565 735 1615 quod
753 1566 833 1603 sine
852 1564 973 1603 edicto
991 1564 1080 1602 satis
1095 1564 1293 1605 commode

178 1617 337 1667 transigi
354 1629 431 1655 non
455 1625 592 1668 potest,
619 1617 666 1656 de
687 1617 954 1657 haereditatum
980 1618 1291 1669 possessionibus,

178 1670 226 1709 de
245 1671 355 1709 bonis
373 1671 621 1721 possidendis,
640 1673 830 1723 magistris
847 1671 1041 1719 faciendis,
1057 1671 1292 1719 vendendis3

176 1738 268 1775 quae
297 1738 345 1762 ex
369 1724 489 1763 edicto
514 1733 551 1763 et
572 1726 757 1776 postulari
781 1734 818 1765 et
844 1726 927 1764 fieri
945 1726 1089 1763 solent:
1122 1726 1292 1774 tertium,

180 1779 228 1816 de
255 1778 402 1830 reliquo
427 1781 514 1827 jure
540 1779 719 1827 dicundo,
746 1788 902 1830 αγραφον
924 1778 1074 1830 reliqui.
1108 1779 1205 1817 Dixi
1229 1792 1294 1818 me

172 1831 229 1869 de
258 1845 302 1870 eo
338 1844 501 1890 genere
513 1846 598 1871 mea
634 1833 783 1872 decreta
815 1833 865 1871 ad
898 1833 1021 1872 edicta
1049 1835 1197 1871 urbana
1234 1846 1295 1871 ac-

179 1871 540 1924 commodaturum:
571 1887 720 1937 ita-que
751 1900 854 1935 curo,
886 1894 924 1925 et
954 1885 1140 1925 satisfacio
1171 1886 1297 1925 adhuc

181 1939 373 1977 omnibus.
405 1939 531 1978 Graeci
548 1953 635 1978 vero
659 1941 865 1990 exsultant,
892 1940 996 1991 quod
1010 1940 1218 2002 peregrinis
1233 1941 1297 1990 ju-

183 1992 331 2030 dicibus
347 2000 520 2031 utuntur.
550 1994 814 2045 Nugatoribus
825 1994 1018 2046 quidem,
1009 1995 1169 2045 inquies.
1190 1994 1298 2042 Quid

172 2046 323 2084 refert.
313 2049 330 2073 ⁹
360 2055 489 2085 tamen
517 2061 557 2086 se
580 2063 786 2096 αυτονομιαν
808 2048 966 2100 adeptos
993 2055 1161 2099 putant;
1190 2047 1303 2087 vestri

185 2099 289 2137 enim
321 2099 467 2151 (credo)
496 2114 630 2152 graves
654 2100 821 2151 habent,
830 2102 1072 2154 Turpionem
1106 2101 1311 2163 sutorium,

185 2160 223 2191 et
243 2153 419 2193 Vettium
438 2155 666 2206 mancipem.
