1513 2382
274 129 358 168 AD
387 127 682 169 DIVERSOS.
713 127 813 166 Lm.
843 125 969 165 XIII.
999 126 1066 163 31.
1175 124 1228 162 33

170 235 288 289 (30.)
315 236 377 275 Μ.
398 236 450 275 Τ.
470 235 516 276 G.
544 235 762 284 ACILIO,
793 233 957 274 PROC.
988 233 1028 272 S.
1044 231 1090 270 P.
1106 231 1162 270 D.

168 342 489 393 (Argumentum.
504 342 612 380 -L.
633 341 830 380 Manlium
854 339 896 377 in
923 337 1089 378 fraterna
1110 339 1231 378 haere-

118 395 236 435 ditate
249 396 522 447 commendat.)

170 504 314 544 Lucius
341 503 516 542 Manlius
535 510 590 542 est
608 504 722 542 Sosis.
750 503 790 541 Is
809 502 884 540 fuit
902 501 1136 541 Catinensis:
1165 500 1233 538 sed

116 565 185 607 aet,
209 558 290 596 una
315 571 404 597 cum
431 557 587 610 reliquis
615 557 893 608 Neapolitanis,
922 555 1013 594 civis
1031 556 1233 594 Romanus

115 612 254 658 factus,
275 611 503 663 decurioque
524 611 711 662 Neapoli:
744 617 822 648 erat
841 610 944 648 enim
963 609 1174 660 adscriptus
1191 608 1234 645 in

116 666 158 704 id
174 666 428 717 municipium
440 674 528 703 ante
540 665 730 703 civitatem
745 664 853 702 sociis
872 671 909 702 et
927 663 1077 702 Latinis
1089 662 1232 700 datam.

116 719 217 769 Ejus
234 719 350 757 frater
365 719 512 758 Catinae
529 732 652 770 nuper
669 726 844 756 mortuus
862 724 929 756 est.
962 717 1128 755 Nullam
1149 728 1234 753 om-

117 773 210 812 nino
221 773 451 811 arbitramur
469 773 517 811 de
535 773 579 811 ea
597 772 816 811 haereditate
834 770 1126 810 controversiam
1145 781 1236 806 eum

117 826 368 872 habiturum;
399 834 435 865 et
449 834 505 865 est
530 826 643 864 hodie
660 826 701 863 in
723 826 844 864 bonis.
885 825 975 872 Sed,
1006 837 1095 863 cum
1120 823 1237 860 habet

114 887 301 932 praeterea
318 881 470 932 negotia
487 887 613 918 vetera
630 879 671 917 in
690 879 819 918 Sicilia
847 891 941 922 sua;
971 885 1008 916 et
1031 877 1131 915 hanc
1156 877 1237 914 hae-

119 933 320 972 reditaoem
337 934 558 982 fraternam,
580 941 617 971 et
635 933 765 971 omnia
790 933 870 982 ejus
897 931 969 970 tibi
996 929 1236 977 commendo,

120 987 162 1025 in
173 987 384 1040 primisque
402 988 543 1038 ipsum,
564 987 690 1024 virum
709 987 913 1037 optimum,
934 985 1107 1036 mihique
1124 983 1239 1022 fami-

119 1041 383 1088 liarissimum,
403 1041 462 1079 his
474 1040 607 1079 studiis
617 1040 815 1078 literarum
833 1039 1088 1089 doctrinaeque
1101 1037 1240 1088 praedi-

120 1101 222 1142 tum,
242 1094 383 1146 quibus
401 1107 472 1145 ego
497 1093 667 1131 maxime
686 1093 860 1131 delector.
904 1093 1000 1130 Peto
1028 1091 1146 1142 igitur
1172 1093 1240 1129 abs

120 1154 174 1196 te,
193 1155 239 1185 ut
257 1160 360 1195 eum,
381 1148 458 1186 sive
475 1147 610 1196 aderit,
630 1147 708 1185 sive
725 1159 803 1184 non
823 1145 967 1184 venerit
992 1145 1034 1182 in
1052 1144 1237 1192 Siciliam,

118 1201 162 1240 in
173 1201 267 1239 meis
284 1202 430 1240 intimis
444 1201 690 1252 maximeque
708 1199 924 1238 necessariis
936 1199 1029 1237 scias
1045 1211 1147 1244 esse;
1168 1197 1241 1236 ita-

124 1268 201 1307 que
226 1263 375 1303 tractes,
399 1262 444 1293 ut
472 1255 673 1306 intelligat,
705 1267 832 1292 meam
869 1251 1239 1292 commendationem

121 1308 195 1348 sibi
211 1321 354 1361 magno
372 1309 595 1360 adjumento
612 1308 739 1347 fuisse,
769 1308 881 1347 Vale.

180 1470 296 1524 (31.)
325 1470 387 1509 M.
402 1470 452 1509 T.
469 1468 516 1509 C.
544 1468 763 1516 ACILIO,
795 1465 961 1507 PROC.
992 1467 1032 1505 S.
1049 1467 1095 1505 P.
1111 1465 1166 1504 D.

194 1576 518 1626 (Argumentum.
539 1597 594 1603 ——
611 1576 806 1624 Flavium,
837 1575 988 1614 Pisonis
1015 1574 1146 1626 generi
1181 1573 1239 1612 sui

123 1630 463 1682 pernecessarium,
485 1629 757 1677 commendat.)

181 1736 276 1776 Caio
285 1737 433 1784 Flavio,
444 1738 603 1776 honesto
616 1744 652 1775 et
664 1744 796 1775 ornato
810 1736 937 1788 equite
950 1737 1143 1783 Romano,
1156 1741 1243 1773 utor

125 1790 238 1829 valde
255 1790 503 1830 familiariter.
532 1791 625 1829 Fuit
637 1791 739 1829 enim
758 1790 886 1842 generi
901 1790 991 1838 mei,
1009 1789 1054 1828 C.
1076 1788 1240 1835 Pisonis,

127 1844 424 1895 pernecessarius
441 1859 452 1883 :
482 1858 623 1897 meque
662 1844 949 1896 diligentissime
990 1845 1165 1882 observat
1206 1849 1244 1880 et

127 1897 223 1949 ipse,
244 1905 282 1937 et
307 1898 355 1937 L.
376 1898 548 1945 Flavius,
568 1898 684 1937 frater
708 1900 802 1948 ejus.
842 1898 1086 1950 Quapropter
1111 1895 1243 1943 velim,

127 1951 282 1990 honoris
299 1951 378 1990 mei
402 1952 530 2000 causa,
555 1952 696 2004 quibus
723 1953 835 1990 rebus
862 1951 1018 1990 honeste
1037 1958 1074 1989 et
1090 1963 1160 2002 pro
1179 1948 1247 1988 tua

127 2004 315 2056 dignitate
341 2006 495 2057 poteris,
526 2019 645 2058 quam
672 2005 1047 2044 honorificentissime
1072 2011 1109 2043 et
1127 2015 1248 2055 quam

128 2058 392 2098 liberalissime
421 2059 467 2097 C.
502 2060 682 2098 Flavium
710 2068 856 2098 tractes.
898 2059 946 2098 Id
970 2058 1068 2096 mihi
1099 2058 1152 2096 sic
1177 2057 1248 2096 erit

128 2120 298 2164 gratum,
324 2120 370 2151 ut
397 2114 542 2164 gratius
572 2126 650 2152 esse
672 2113 769 2151 nihil
792 2113 922 2165 possit.
962 2112 1039 2151 Sed
1068 2117 1248 2163 praeterea

130 2166 203 2205 tibi
221 2166 383 2215 affirmo,
405 2172 547 2219 (neque
563 2167 604 2205 id
623 2167 830 2206 ambitione
848 2166 1036 2206 adductus
1051 2165 1163 2213 facio,
1182 2164 1249 2203 sed

129 2231 223 2258 cum
235 2220 493 2260 familiaritate
504 2228 543 2260 et
552 2221 839 2270 necessitudine,
852 2227 938 2260 tum
950 2220 1066 2259 etiam
1076 2219 1250 2266 veritate)
