1513 2382
209 91 236 128 8
390 88 473 128 AD
501 87 796 129 DIVERSOS.
826 87 926 127 Lm.
945 86 1073 127 XIII.
1101 89 1140 134 7.

202 196 256 236 Ei
273 209 343 248 ego
361 197 551 249 pollicitus
570 209 671 244 sum,
689 208 753 236 me
771 208 820 235 ex
837 195 975 234 intima
992 195 1121 234 nostra
1145 202 1225 235 arte
1251 195 1319 236 de-

198 258 442 303 promturum
460 250 666 289 mirificum
684 262 804 301 genus
822 249 1173 288 commendationis.

255 305 305 343 Id
324 317 412 343 cum
431 305 579 356 assequi
598 316 675 342 non
700 316 870 355 possum,
896 310 940 342 tu
964 316 1004 341 re
1023 303 1137 342 velim
1160 303 1313 352 efficias,

198 365 243 396 ut
267 359 346 406 ille,
372 371 507 409 genere
528 370 703 396 mearum
726 357 923 396 literarum
947 357 1173 405 incredibili,
1200 357 1315 409 quid-

196 411 287 450 dam
305 413 515 464 perfectum
534 412 749 450 arbitretur.
780 411 830 450 Id
854 411 982 459 facies,
1007 411 1039 449 si
1062 424 1176 449 omne
1193 424 1315 462 genus

196 466 445 513 liberalitatis,
467 466 571 518 quod
599 473 636 503 et
655 467 702 503 ab
720 465 959 503 humanitate
981 472 1018 502 et
1035 471 1218 515 potestate
1244 465 1314 504 tua

197 519 382 571 proficisci
411 520 562 571 poterit,
592 531 668 556 non
701 518 815 556 modo
846 531 901 566 re,
933 518 1000 556 sed
1029 518 1144 556 etiam
1172 518 1311 566 verbis,

196 573 308 611 vultu
326 573 503 625 denique,
524 572 799 624 expromseris:
831 585 918 623 quae
943 581 1131 623 quantum
1159 572 1200 610 in
1224 585 1315 623 pro-

196 626 323 665 vincia
351 627 515 674 valeant,
546 626 683 664 vellem
719 632 897 676 expertus
927 638 1035 663 esses.
1078 625 1155 665 Sed
1183 632 1312 664 tamen

198 678 440 732 [suspicor]
430 693 559 731 ipsum
585 678 797 725 hominem,
829 690 946 729 quem
975 679 1045 717 tibi
1070 679 1308 727 commendo,

195 734 426 785 perdignum
449 746 528 771 esse
545 732 613 770 tua
628 731 806 769 amicitia.
840 731 934 769 Non
949 732 1087 780 solum,
1109 733 1199 784 quia
1215 707 1313 771 1111111

199 787 369 848 Cuspius
388 787 492 834 dicit,
518 785 627 824 credo
647 783 816 827 (tametsi
835 784 877 822 id
902 785 991 822 satis
1014 798 1092 823 esse
1116 786 1310 848 debebat),

197 841 266 880 sed
283 840 375 892 quia
391 840 481 879 novi
499 841 580 890 ejus
601 837 824 889 judicium
813 850 854 876 in
877 837 1098 878 hominibus
1122 846 1160 877 et
1180 840 1313 879 amicis

197 894 419 944 deligendis.

252 949 407 987 Harum
435 947 633 985 literarum
664 946 720 985 vis
757 952 901 997 quanta
931 944 1060 995 fuerit,
1092 947 1314 998 propediem

191 1002 400 1052 judicab03
429 1001 589 1053 tibique,
618 1007 664 1039 ut
691 999 851 1047 confido,
881 999 1020 1050 gratias
1045 1013 1170 1051 agam.
1209 1001 1312 1052 Ego,

197 1069 284 1108 quae
301 1063 339 1094 te
351 1056 459 1103 velle,
476 1068 638 1106 quaeque
657 1054 706 1092 ad
724 1061 762 1091 te
779 1053 966 1104 pertinere
985 1054 1208 1101 arbitrabor,
1228 1067 1313 1093 om-

195 1110 261 1148 nia
280 1109 446 1148 studiose
465 1109 740 1160 diligenterque
754 1108 906 1145 curabo.
938 1105 1043 1146 Cura
1061 1116 1106 1146 ut
1119 1108 1254 1146 valeas.

249 1164 295 1202 P.
312 1162 526 1211 Cornelius,
542 1162 610 1213 qui
621 1162 691 1200 tibi
701 1162 770 1199 has
781 1161 907 1199 literas
917 1159 1033 1208 dedit,
1050 1168 1105 1200 est
1121 1161 1218 1199 mihi
1230 1163 1308 1202 aP.

197 1216 343 1269 Cuspio
357 1216 669 1256 commendatus:
702 1216 810 1264 cujus
830 1213 941 1252 causa
958 1222 1101 1266 quanto
1120 1228 1231 1266 opere
1245 1229 1312 1254 cu-

194 1284 325 1322 perem
352 1271 617 1321 deberemque,
636 1269 803 1321 profecto
830 1281 878 1306 ex
903 1280 967 1307 me
992 1269 1101 1307 facile
1128 1270 1310 1320 cognosti.

193 1325 451 1363 Vehementer
469 1332 506 1362 te
524 1337 630 1375 rogo,
650 1332 695 1362 ut
713 1335 834 1370 cureS,
850 1329 894 1360 ut
913 1334 960 1360 ex
977 1322 1050 1360 1130
1068 1324 1312 1384 commenda-

193 1378 296 1417 tione
314 1379 410 1416 mihi
430 1377 598 1429 Cuspius
621 1390 737 1438 quam
764 1375 968 1425 maximas,
988 1389 1106 1428 quam
1123 1375 1309 1429 primum,

191 1445 311 1484 quam
329 1432 547 1484 saepissime,
563 1431 703 1483 gratias
721 1436 821 1482 agat.
848 1429 926 1469 Val
929 1443 961 1468 e.

365 1590 453 1646 (7.)
483 1591 545 1632 M.
567 1593 619 1632 T.
641 1591 687 1633 c.
719 1593 937 1633 CLUVIo
960 1594 1006 1642 s.
1026 1593 1075 1632 P.
1096 1592 1151 1632 D.

247 1701 755 1753 (Argumentum—Petit
787 1715 811 1740 a
844 1700 998 1750 Cluvio,
1029 1714 1079 1740 ne
1109 1700 1310 1753 municipii

192 1755 366 1794 Atellani
389 1756 582 1808 vectigalis
604 1769 693 1807 ager
717 1756 922 1805 dividatur,
947 1756 1012 1795 sed
1033 1768 1187 1795 causam
1211 1755 1310 1794 inte-

192 1822 303 1860 gram
323 1808 466 1849 Caesari
484 1811 679 1860 reservet.)

247 1915 367 1965 Cum,
386 1916 427 1954 in
448 1917 617 1956 Galliam
634 1918 885 1968 proficiscens,
906 1920 993 1969 (pro
1011 1916 1138 1956 nostra
1150 1916 1310 1955 necessi-

191 1970 340 2020 tudine,
360 1969 501 2022 tuaque
520 1969 671 2010 summa
688 1971 729 2009 in
748 1984 811 2009 me
829 1969 1082 2020 observantia)
1096 1971 1146 2010 ad
1159 1983 1222 2008 me
1240 1970 1311 2009 do-

194 2036 304 2062 mum
323 2024 499 2072 venisses,
518 2026 668 2064 locutus
686 2038 774 2063 sum
802 2033 929 2064 tecum
951 2025 1000 2063 de
1016 2038 1118 2090 3310
1135 2024 1312 2075 vectigali

193 2077 394 2140 municipii
418 2078 605 2127 Atellani,
633 2079 702 2130 qui
723 2087 820 2118 esset
846 2080 888 2117 in
907 2077 1058 2117 Galliae
1089 2085 1310 2130 quantoque

195 2143 308 2182 opere
330 2133 412 2182 ejus
440 2132 640 2185 municipii
665 2131 776 2172 031133
798 2134 1028 2184 laborarem,
1051 2132 1122 2172 tibi
1149 2131 1310 2171 ostendi.

197 2185 292 2224 Post
316 2191 424 2226 tuam
442 2194 571 2227 autem
589 2186 878 2240 profectionem,
898 2199 988 2227 cum
1006 2193 1046 2227 et
1061 2185 1233 2226 maxima
1250 2197 1311 2225 res
