1513 2382
362 103 446 143 AD
473 104 760 143 ATTICUM.
790 104 890 142 Lm.
922 104 981 142 II.
1015 104 1078 143 19.
1200 100 1277 139 201

1105 183 1121 199 0

164 223 218 259 re,
238 218 404 263 quantus
429 219 485 250 est
499 224 634 251 sermo.
662 212 750 263 Ego
771 219 901 250 autem
926 223 975 249 ne
1001 209 1108 249 irasci
1126 220 1282 268 possum

165 264 351 315 quidem
340 265 400 312 118,
420 279 517 317 quos
535 265 646 304 valde
664 278 778 312 amo3
809 272 960 303 tantum
977 264 1101 311 doleo,
1117 275 1161 301 ac
1178 261 1286 300 min-

164 318 234 356 fice
251 318 420 380 quidem.

219 372 394 410 Caetera
383 385 424 409 ιιι
442 373 592 423 magnis
610 375 752 418 rebus;
782 372 898 410 minae
913 371 1054 418 Clodii,
1074 368 1284 408 eontentio-

165 436 321 476 nesque,
343 439 429 477 quae
442 427 539 464 mihi
557 433 837 478 proponuntur,
864 426 1012 464 modice
1029 437 1092 462 me
1106 429 1283 472 tangunt.

165 478 325 516 Etenim
340 480 402 517 vel
415 480 540 518 subire
555 494 616 518 eas
631 480 758 519 videor
776 479 873 517 mihi
888 492 1041 517 summa
1055 490 1144 516 cum
1159 475 1286 526 digni-

167 538 259 579 tate,
279 533 340 570 vel
365 533 552 571 declinare
569 534 679 572 nulla
705 546 794 572 cum
815 533 1004 579 molestia,
1021 544 1139 583 posse.
1170 529 1286 567 Dices

168 585 340 635 sortasse,
374 587 569 638 dignitatis
597 590 646 624 ἁ)
651 604 660 624 ι
666 603 695 634 ς,
719 594 924 648 tamquam
952 586 1070 638 ὃςυος·
1102 583 1229 630 saluti,
1257 582 1289 619 si

168 650 231 676 me
249 652 369 687 amas,
389 641 554 679 consule.
584 641 656 679 Me
674 641 881 678 miserum!
905 653 972 678 cur
990 651 1068 677 non
1086 638 1206 676 ades?
1227 636 1288 673 ni-

167 691 225 729 hil
239 700 277 731 te
294 694 462 744 profecto
474 695 704 746 praeteriret:
737 707 807 745 ego
825 694 983 732 fortasse
1002 699 1231 743 τυφλωττω,
1252 696 1290 728 et

169 746 336 784 nimium
355 763 408 794 τῳ
430 756 533 795 καλῳ
551 749 816 800 πξοσπεποιθα.

223 800 325 839 Scito
344 800 442 838 nihil
459 814 633 853 unquam
649 801 765 840 fuisse
783 808 863 839 tam
881 800 1039 847 infame,
1060 807 1140 837 tam
1161 804 1287 849 turpe,

170 859 250 891 tam
269 867 446 906 peraeque
465 856 642 894 omnibus
656 855 871 906 generibus,
888 854 1099 899 ordinibus,
1117 852 1292 890 aetatibus

168 907 370 956 offensum,
392 922 509 959 quam
527 909 630 947 hunc
650 916 806 956 statum,
824 909 892 960 qui
910 920 1012 945 nunc
1038 914 1121 951 est;
1151 905 1289 956 magis,

171 961 400 1009 mehercule,
417 976 536 1024 quam
555 963 707 1011 vellem,
724 975 800 1000 non
819 962 935 1001 modo
955 974 1074 1012 quam
1095 959 1290 1011 putaram.

170 1015 380 1066 Populares
399 1016 461 1054 isti
477 1017 559 1065 jam
579 1016 694 1055 etiam
719 1016 907 1055 modestos
936 1014 1110 1053 homines
1140 1012 1292 1051 sibilare

171 1067 392 1107 docuerunt.
435 1070 633 1108 Bibulus
622 1083 663 1108 m
688 1070 780 1109 coelo
799 1077 881 1109 est:
911 1081 994 1117 nec,
1025 1080 1156 1120 quare,
1186 1066 1289 1105 scio·
1277 1093 1290 1112 ‚

170 1122 235 1160 sed
253 1122 306 1161 ita
323 1123 515 1171 laudatur,
534 1124 644 1175 quasi

253 1199 281 1219 “
297 1198 409 1236 Unus
424 1197 541 1237 homo
555 1198 665 1238 nobis
680 1199 893 1238 cunctando
907 1197 1071 1237 restituit
1083 1197 1208 1235 rem.'’

224 1285 448 1338 Pompeius,
468 1287 586 1325 nostri
603 1300 763 1335 amores,
785 1287 906 1338 (quod
923 1285 1022 1324 mihi
1047 1297 1199 1323 summo
1224 1284 1292 1322 do-

169 1340 242 1378 lori
261 1347 332 1387 est)
351 1341 433 1392 ipse
452 1354 490 1379 se
511 1341 669 1379 afflixit:
699 1341 894 1379 neminem
919 1347 1048 1377 tenet:
1079 1340 1290 1386 voluntate,

170 1406 220 1431 an
234 1401 356 1442 metu,
372 1407 520 1433 necesse
534 1395 582 1432 sit
594 1394 640 1432 iis
659 1394 730 1442 uti,
747 1407 888 1432 vereor.
917 1393 1004 1444 Ego
1019 1400 1147 1430 autem
1166 1405 1292 1442 neque

171 1459 303 1498 pugno
322 1460 410 1486 cum
430 1448 498 1486 11Ιὲ,
515 1447 644 1494 causa,
662 1456 816 1499 propter
834 1448 942 1484 illam
961 1446 1193 1491 amicitiam3
1225 1458 1293 1483 ne-

172 1514 248 1551 que
265 1504 447 1552 approbO,
469 1515 517 1539 ne
532 1502 662 1540 onmia
681 1502 911 1552 improbem,
928 1514 1015 1551 quae
1029 1506 1141 1537 antea
1162 1499 1261 1550 gessi
1277 1514 1288 1536 z

171 1562 259 1592 utor
277 1555 352 1593 via.
381 1556 523 1607 Populi
542 1568 673 1593 sensus
691 1555 862 1593 maxime
880 1554 1026 1592 theatro
1041 1560 1078 1591 et
1097 1560 1292 1604 spectacu-

172 1607 220 1645 lis
229 1617 448 1659 perspectus
464 1617 531 1647 est.
562 1610 682 1656 Nam,
699 1608 986 1670 gladiatoribus,
1003 1607 1081 1658 qua
1095 1606 1289 1653 dominus,

173 1674 253 1753 {ua
271 1662 343 1700 adv
345 1663 457 1709 ocati,
487 1663 604 1701 sibilis
621 1662 823 1702 conscissi:
854 1661 955 1699 ludis
980 1660 1291 1711 Apollinaribus,

217 1715 360 1766 iphilus
377 1717 594 1767 tragoedus
583 1730 624 1754 m
642 1724 816 1756 nostrum
833 1715 1063 1765 Pompeium
1077 1714 1294 1764 petulanter

172 1768 344 1807 invectus
363 1777 431 1808 est.
463 1775 491 1793 “
505 1771 651 1809 Nostra
675 1770 828 1808 miseria
846 1776 889 1806 tu
909 1781 947 1806 es
967 1767 1182 1818 Magnus,”
1203 1766 1294 1804 mil-

172 1822 241 1860 lies
260 1830 410 1861 coactus
437 1832 492 1862 est
521 1824 654 1863 dicere.
685 1827 714 1846 “
733 1823 925 1861 Eamdem
954 1821 1135 1860 virtutem
1164 1820 1292 1867 istam,

175 1876 300 1914 veniet
318 1884 485 1928 tempus,
516 1891 605 1916 cum
624 1877 787 1929 graviter
811 1875 984 1927 gemes,”
1014 1874 1129 1912 totius
1157 1874 1295 1911 theatri

175 1930 340 1968 clamore
372 1931 495 1978 dixit3
525 1932 694 1993 itemque
726 1938 886 1970 caetera:
917 1941 1008 1966 nam
1038 1935 1076 1966 et
1103 1927 1293 1977 ejusmodi

175 1990 265 2021 sunt
292 1983 321 2021 ii
349 1998 492 2034 versus,
523 1993 568 2024 ut
594 1986 635 2024 in
665 1993 818 2036 tempus
850 1985 898 2021 ab
927 1982 1083 2020 inimico
1115 1981 1293 2032 Pompeii

176 2036 305 2088 scripti
324 2051 402 2077 esse
419 2039 629 2077 videantur.
661 2042 689 2061 “
705 2039 748 2077 Si
766 2050 890 2088 neque
904 2037 1005 2087 leges
1023 2047 1148 2087 neque
1168 2047 1294 2073 mores

177 2091 360 2184 00311ιί1ῒέ’
390 2099 429 2131 et
445 2100 593 2142 caetera,
613 2105 756 2144 magno
777 2104 866 2130 cum
890 2090 1046 2129 fremitu
1065 2096 1102 2128 et
1130 2089 1295 2128 clamore

179 2151 267 2183 sunt
314 2145 322 2152 “
347 2152 398 2185 ta.
