1513 2382
324 107 407 146 AD
434 105 718 148 ATTICUM.
747 106 847 145 Lus.
866 107 923 145 ΙΙ.
957 107 1019 145 18.
1161 109 1238 148 199

182 213 291 263 Quin
309 214 437 262 etiam,
458 214 563 266 quod
588 221 644 252 est
668 213 853 252 subinane
878 214 919 251 in
945 214 1067 261 nobis,
1095 220 1132 251 et
1164 225 1242 252 non

127 269 345 318 αφιλοὸοξον,
383 268 547 318 (bellum
580 275 635 306 est
667 267 769 305 enim
805 280 874 305 sua
911 267 1002 304 vitia
1037 267 1166 314 n6sse)
1200 267 1241 304 id

127 321 288 360 afficitur
306 320 472 372 quadam
491 320 747 359 delectatione.
780 321 934 358 Solebat
946 320 1048 358 enim
1066 333 1128 358 me
1140 333 1242 371 pun-

125 388 227 426 gere,
246 387 295 413 ne
320 374 611 425 Sampsicerami
632 374 768 412 merita
793 375 833 411 in
859 374 1022 424 patriam
1048 373 1097 411 ad
1122 385 1241 411 annos

126 427 206 467 DC
232 429 378 489 majora
405 427 633 476 viderentur,
663 440 780 478 quam
805 434 956 464 nostra.
986 427 1057 464 hac
1083 427 1239 487 quidem

126 495 218 520 cura
242 489 340 520 certe
355 482 437 529 jam
462 494 626 519 vacuum
656 488 735 526 est3
763 482 863 529 jacet
891 480 993 517 enim
1018 479 1083 518 ille
1102 480 1167 528 sic,
1195 486 1240 516 ut

125 534 308 586 [Phocis]
341 533 509 573 Curiana
527 542 625 572 stare
643 534 824 571 videatur.
856 533 931 571 Sed
945 534 1026 571 haec
1045 545 1184 571 coram.

179 589 244 626 Tu
264 596 391 626 tamen
406 587 542 626 videris
554 588 650 625 mihi
662 588 800 625 Romae
817 587 897 625 fore
911 587 960 624 ad
977 593 1149 625 nostrum
1169 587 1238 624 ad-

123 649 306 680 ventum:
338 641 441 692 quod
473 653 562 679 sane
590 641 700 678 facile
723 641 858 692 patiar,
887 640 918 678 si
945 648 1010 678 tuo
1038 641 1239 678 commodo

127 696 207 733 fieri
225 695 354 746 possit.
384 694 466 741 Sin,
482 702 526 732 ut
539 695 680 741 scribis,
701 694 755 731 ita
772 694 923 738 verdes3
941 694 1056 731 velim
1075 706 1095 731 e
1108 693 1238 731 Theo·

126 749 253 800 phane
284 747 486 798 expiscere,
507 761 676 798 quonam
697 748 736 784 in
766 760 828 785 me
846 747 974 784 animo
1003 747 1052 784 sit
1068 747 1235 784 Alabar-

129 802 228 840 ches.
247 801 421 849 QuaereS,
435 801 586 849 scilicet,
603 809 647 839 ut
661 802 769 849 soles,
786 816 882 837 κατα
895 815 936 837 το
951 800 1183 847 κηδεμονικον,
1199 807 1236 837 et

128 855 178 894 ad
204 868 267 893 me
285 857 333 892 ab
353 867 396 892 eo
415 855 523 905 quasi
545 854 725 897 ὑποθηκας
744 854 888 901 afferes,
909 852 1235 904 quemadmodum

126 921 190 946 me
207 921 348 960 geram.
379 907 542 959 Aliquid
567 921 614 946 ex
636 908 718 957 ejus
737 919 908 947 sermone
930 907 1138 958 poterimus
1154 921 1234 957 περι

126 978 198 999 των
214 965 307 999 ὅλων
328 961 522 1013 suspicari.

337 1153 450 1205 (18.)
489 1154 701 1194 CICERO
730 1153 948 1193 ATTICO
977 1154 1017 1192 S.

178 1285 321 1337 Accepi
350 1286 495 1338 aliquot
525 1286 699 1337 epistolas
728 1293 841 1331 tuas3
872 1297 920 1323 ex
952 1285 1093 1336 quibus
1124 1285 1237 1323 intel-

124 1340 215 1388 lexi,
236 1353 354 1391 quam
379 1352 559 1391 suspenso
585 1340 714 1377 animo
733 1347 770 1378 et
795 1339 954 1377 sollicito
976 1339 1068 1377 scire
1093 1352 1234 1386 averes,

123 1394 219 1445 quid
250 1401 344 1432 esset
374 1394 476 1431 novi.
515 1393 713 1431 Tenemur
749 1393 943 1443 undique:
986 1405 1109 1443 neque
1137 1393 1235 1441 jam,

124 1447 330 1498 quominus
359 1447 581 1493 serviamus,
619 1459 861 1484 recusamus:
904 1446 968 1484 sed
1000 1453 1163 1483 mortem
1202 1453 1239 1483 et

123 1501 359 1550 ejectionem,
373 1500 483 1552 quasi
495 1501 654 1550 majora,
668 1499 848 1538 timemus
864 1513 876 1546 3
908 1513 994 1551 quae
1012 1499 1136 1537 multo
1148 1506 1239 1537 sunt

122 1567 284 1592 minora.

177 1608 308 1659 Atque
325 1607 388 1645 hic
407 1614 540 1654 status,
562 1607 630 1658 qui
648 1620 728 1645 una
750 1619 840 1646 voce
859 1607 1034 1646 omnium
1053 1606 1235 1657 gemitur,

122 1674 246 1713 neque
266 1661 378 1699 verbo
408 1662 638 1712 cujusquam
667 1661 895 1699 sublevatur.
939 1667 1073 1703 Σκοπος
1099 1666 1167 1706 est,
1194 1666 1238 1696 ut

122 1715 304 1766 suspicor,
334 1714 409 1752 illis
435 1714 503 1765 qui
531 1722 674 1762 tenent,
701 1714 849 1752 nullam
869 1714 1050 1764 cuiquam
1068 1687 1239 1763 largitio-

120 1781 209 1807 nem
229 1768 451 1818 relinquere.
479 1768 592 1806 Unus
610 1767 793 1820 loquitur,
815 1776 851 1806 et
862 1768 989 1828 palam
1003 1766 1236 1814 adversatur,

122 1822 339 1861 adolescens
359 1821 487 1860 Curio.
518 1821 624 1860 Huic
641 1822 800 1873 plausus
825 1820 1004 1868 maximi,
1025 1820 1238 1858 consaluta-

122 1877 175 1915 tio
194 1875 350 1914 forensis
368 1875 654 1926 perhonorifica,
675 1875 783 1925 signa
807 1882 988 1926 praeterea
1012 1873 1238 1912 benevolen-

122 1930 186 1968 tiae
202 1929 408 1981 permulta,
424 1942 447 1967 a
464 1929 573 1967 bonis
591 1929 887 1980 impertiuntur:
918 1927 1078 1965 Fufium
1096 1927 1237 1966 clamo-

122 1983 242 2030 ribus,
263 1989 300 2020 et
318 1983 506 2031 conviciis,
528 1990 564 2020 et
584 1982 717 2031 sibilis,
738 1988 1010 2020 consectantur.

131 2062 136 2066 ·
178 2036 253 2075 His
271 2049 317 2074 ex
336 2038 448 2075 rebus
466 2049 542 2074 non
563 2049 660 2087 spes,
682 2035 747 2074 sed
765 2035 872 2074 dolor
891 2042 947 2073 est
967 2035 1117 2084 major;
1148 2046 1238 2072 cum

122 2090 249 2129 videas
267 2090 427 2129 civitatis
445 2091 682 2129 voluntatem
707 2089 886 2138 solutam,
907 2089 1086 2127 virtutem
1105 2087 1239 2138 alliga-

123 2151 216 2182 tam.
245 2144 318 2190 Ac,
352 2157 400 2183 ne
426 2144 522 2182 forte
546 2156 694 2195 quaeras
722 2158 819 2179 κατα
845 2150 980 2181 >mm-ov
1002 2141 1049 2180 de
1076 2141 1236 2191 singulis

123 2199 248 2243 rebus,
267 2198 442 2238 universa
461 2211 518 2236 res
537 2210 580 2235 eo
600 2203 655 2236 est
674 2196 849 2245 deducta,
877 2209 961 2248 spes
980 2203 1023 2234 ut
1048 2195 1155 2234 nulla
1174 2195 1235 2241 sit,
