1513 2382
183 71 262 109 316
401 71 479 110 AD
505 40 785 112 ATTICUM.
811 72 912 112 111ss.
932 71 1009 111 VI.
1038 69 1082 110 3.'

183 177 282 215 nihil
301 173 438 230 cupide
455 193 642 231 agemus,
631 194 642 204 ·
673 181 754 219 sine
770 191 839 219 tuo
855 176 1012 232 quidem
1030 177 1187 218 consilio
1204 171 1315 216 certe'

182 231 293 269 nihil.
333 233 517 272 clausula
543 241 600 272 est
627 234 789 273 difficilis
815 234 856 272 in
880 233 1065 272 tradenda
1095 231 1303 284 provincia
1312 236 1314 238 ’

187 285 263 322 Sed
277 285 359 324 haec
378 287 486 325 Deus
504 288 643 339 aliquis
661 287 900 339 gubernabit.

239 338 302 376 De
320 341 476 379 urbanis
494 343 605 379 rebus
625 342 764 379 scilicet
781 342 893 393 plura
910 347 953 378 tu
979 340 1078 379 5015·
1067 369 1079 387 ,
1110 339 1248 392 saepius
1266 346 1304 378 et

185 403 227 428 ce
229 392 343 431 111013
370 394 490 432 audis.
526 395 721 456 Equidem
746 395 872 443 doleo,
899 406 977 432 non
999 407 1063 433 me
1090 394 1167 432 tuis
1187 393 1305 431 literis

185 445 382 485 certiorem
401 448 494 485 fieri.
525 449 616 486 Huc
636 449 738 486 enim
753 448 882 486 odiosa
895 444 1148 486 afferebantur
1163 447 1211 485 de
1226 447 1307 486 Cu-

185 499 305 548 rione,
332 501 379 538 de
400 502 550 547 Pau103
581 514 657 539 non
677 514 754 553 quo
778 501 906 539 ullum
923 500 1137 552 perleulum
1156 500 1306 539 videam

189 560 312 592 stante
344 555 544 605 Pompeio,
575 556 636 593 vel
668 555 783 593 etiam
811 555 989 600 sedente3
1019 555 1143 592 valeat
1163 554 1278 592 modo
1294 568 1305 591 ε

189 607 255 644 50(1
274 608 522 654 (mehercule)
543 608 720 647 Curionis
740 616 776 647 et
796 609 923 654 Pauli,
950 620 1125 646 meorum
1143 607 1309 645 familia-

189 660 307 707 rium,
335 661 456 699 vicem
475 662 595 700 doleo
626 662 809 700 Formam
830 663 948 713 igitur
965 661 1063 699 mihi
1093 661 1210 699 totius
1237 661 1310 699 rei-

190 715 368 764 publicae,
390 715 421 753 si
437 716 519 764 jam
539 729 577 754 05
597 717 749 777 Romae,
770 723 836 754 aut
854 729 944 754 cum
962 715 1050 762 0115,
1070 715 1200 763 velim,
1218 715 1311 753 mit-

191 775 264 828 tas,
278 782 365 819 quae
382 769 480 806 mihi
499 770 652 808 obviam
664 770 804 830 veniat,
825 783 873 808 ex
893 783 972 821 qua
985 781 1049 806 me
1063 769 1207 819 fingere
1223 781 1312 820 pos-

191 821 279 869 sim,
300 830 337 859 et
350 823 619 873 praemeditari,
639 836 716 875 quo
738 823 868 861 animo
885 822 1062 862 accedam
1081 823 1130 860 ad
1150 823 1311 861 Urbem.

193 874 266 913 Est
296 877 400 914 enim
430 877 630 928 quiddam,
661 877 925 916 advenientem
942 879 1020 915 noh
1045 889 1124 915 esse
1148 876 1316 928 peregri-

193 940 291 967 num
310 937 425 981 atque
443 931 644 982 hospitem.

245 983 301 1021 Et
322 984 445 1036 (quod
463 997 572 1035 paene
590 983 773 1036 praeterii)
794 985 910 1023 Bruti
928 984 986 1023 tui
1005 983 1134 1031 causa,
1153 990 1198 1022 ut
1216 996 1315 1035 saepe

193 1035 242 1074 ad
266 1045 304 1074 te
328 1037 474 1088 scripsi,
494 1038 566 1076 feci
592 1039 732 1077 omnia.
774 1039 908 1100 Cyprii
938 1040 1218 1077 numerabant·
1249 1037 1315 1076 sed

195 1091 371 1141 Scaptius
391 1092 617 1140 centesimis,
637 1101 816 1131 renovato
840 1093 881 1129 in
911 1093 1080 1144 singulos
1098 1103 1218 1130 annos
1245 1091 1322 1130 foe-'

195 1156 300 1193 nore,
317 1152 516 1184 contentus
534 1157 611 1184 non
629 1146 715 1184 fuit.
748 1147 1027 1185 Ariobarzanes
1046 1158 1122 1184 non
1140 1146 1180 1182 in
1198 1146 1315 1197 Pom-

195 1198 328 1248 peium
340 1199 523 1250 prolixior
536 1212 603 1250 per
616 1200 759 1250 ipsum,
773 1212 891 1251 quam
905 1213 973 1250 per
986 1212 1050 1238 me
1063 1200 1102 1236 in
1119 1199 1312 1237 Brutum:

196 1264 314 1304 quem
333 1260 462 1290 tamen
487 1266 557 1303 ego
585 1260 762 1304 praestare
787 1266 863 1291 non
882 1261 1066 1304 poteram.
1095 1253 1193 1290 Erat
1211 1252 1313 1290 enim

197 1318 266 1343 rex
280 1319 518 1357 perpauper;
547 1308 777 1358 aberamque
797 1309 844 1345 ab
870 1319 914 1344 eo
931 1307 986 1344 ita
1003 1307 1130 1357 longe,
1150 1314 1195 1343 ut
1219 1305 1317 1343 nihil

196 1372 364 1410 possem,
396 1360 470 1397 nisi
505 1360 623 1398 literis
640 1374 652 1405 ς
693 1361 834 1412 quibus
869 1373 1041 1411 pugnare
1069 1372 1145 1398 non
1179 1359 1317 1397 destiti.

198 1415 362 1451 Summa
386 1414 468 1451 haec
486 1422 553 1452 est.
583 1414 659 1452 Pro
677 1415 823 1452 ratione
845 1414 1030 1465 pecuniae,
1048 1413 1243 1452 liberalius
1263 1421 1319 1451 est

197 1466 347 1504 Brutus
376 1475 571 1514 tractatus,
609 1481 728 1528 quam
763 1467 983 1518 Pompeius.
1033 1467 1158 1505 Bruto
1187 1473 1320 1505 curata

197 1520 270 1558 hoc
289 1533 389 1559 anno
407 1521 549 1559 talenta
567 1521 712 1560 circiter
731 1521 793 1566 C;
827 1520 1041 1572 Pompeio
1030 1533 1071 1558 in
1091 1533 1158 1559 sex
1174 1520 1319 1558 mensi-

198 1575 272 1612 bus
291 1575 478 1625 promissa
501 1574 581 1613 CC.
620 1575 715 1612 Jam
743 1575 784 1612 in
805 1575 926 1626 Appii
951 1574 1103 1625 negotio
1127 1581 1319 1635 quantum

198 1627 399 1666 tribuerim
421 1629 561 1676 Bruto,
592 1628 668 1667 dici
692 1628 757 1666 vix
790 1636 925 1680 potest.
966 1627 1075 1676 Quid
1101 1636 1157 1666 est
1187 1627 1319 1678 igitur,

199 1682 305 1733 quod
325 1682 532 1721 laborem?
560 1682 720 1721 Amicos
745 1682 862 1720 habet
888 1695 1014 1720 meras
1035 1694 1173 1733 nugas,
1200 1681 1324 1719 Mati-

199 1735 325 1783 nium,
346 1736 558 1787 Scaptium,
586 1736 668 1787 qui,
695 1736 787 1787 quia
803 1748 882 1774 non
899 1735 1036 1774 habuit
1054 1748 1077 1773 a
1094 1748 1158 1773 me
1175 1742 1323 1773 turmas

200 1789 390 1840 equitum,
404 1790 545 1842 quibus
557 1789 732 1841 Cyprum
746 1798 914 1836 vexaret,
927 1796 973 1827 ut
990 1796 1078 1827 ante
1087 1801 1151 1827 me
1169 1788 1321 1835 fecerat,

199 1842 356 1881 fortasse
375 1851 592 1889 succenset;
624 1850 692 1882 aut
710 1843 801 1895 quia
817 1843 1017 1894 praefectus
1036 1855 1112 1880 non
1133 1849 1203 1889 051,
1220 1841 1325 1894 quod

202 1909 273 1947 ego
305 1898 452 1935 nemini
483 1897 602 1935 tribui
633 1897 887 1948 negotiatori3
928 1909 1006 1934 non
1037 1896 1082 1934 C.
1103 1895 1323 1943 Vennonio,

203 1962 290 1988 meo
319 1951 524 1996 familiari,
513 1965 524 1974 ·
566 1963 642 1989 non
677 1960 744 1989 tuo
767 1951 829 1989 M.
859 1950 1011 1996 Leni03
1051 1957 1102 1997 et,
1124 1949 1228 2000 quod
1255 1949 1326 1987 tibi

203 2003 343 2042 Romae
354 2004 592 2044 ostenderam
609 2017 674 2043 me
687 2012 940 2066 servaturum,
955 2004 997 2041 in
1016 2015 1060 2042 eo
1077 2002 1324 2054 perseveravi*

202 2057 279 2095 Sed
296 2058 390 2109 quid
408 2059 547 2110 poterit
565 2059 674 2110 queri
690 2059 737 2107 is,
757 2058 850 2119 qui,
852 2058 1000 2096 auferre
1016 2056 1219 2108 pecuniam
1233 2069 1322 2094 cum

203 2119 343 2161 posset,
376 2112 533 2150 noluit?
581 2113 748 2164 Scaptio,
785 2111 853 2163 qui
884 2112 926 2149 in
955 2109 1199 2163 Cappadocia
1230 2109 1319 2158 fuit,

204 2172 299 2214 puto
318 2177 398 2204 aese
416 2165 662 2204 satisfactum.
701 2167 741 2204 Is
763 2179 786 2204 a
809 2177 874 2204 me
894 2165 1134 2204 tribunatum
1154 2175 1242 2203 curn
1261 2170 1335 2202 ac:
