1513 2382
187 64 267 102 240
386 63 468 101 AD
499 62 789 104 ATTICUM.
821 63 920 102 Lm.
955 64 1030 104 lv.
1064 65 1102 102 l.'

184 171 282 211 mihi
301 170 449 220 dandis,
470 184 540 210 nec
565 171 760 210 fortiorem
783 183 852 211 nec
874 171 1160 223 prudentiorem
1183 183 1303 223 quam

186 239 250 265 me
270 226 414 276 ipsum,
434 238 504 264 nec
522 226 652 271 etiam,
665 239 735 277 pro
753 226 942 277 praeterita
958 227 1047 264 mea
1064 225 1106 263 in
1123 233 1161 264 te
1178 227 1306 264 obser-

187 279 332 326 vantia,
353 279 519 318 nimium
537 280 578 318 in
597 280 769 318 custodia
787 280 920 318 salutis
938 293 1035 318 meae
1052 279 1274 330 diligentem
1290 293 1304 325 ς

188 334 445 385 eumdemque
467 341 504 372 te
523 334 621 385 (qui,
649 334 783 385 primis
798 334 1048 385 temporibus,
1069 333 1201 372 errofis
1219 346 1309 372 nos-

189 387 252 435 tri,
295 396 361 426 aut
394 388 520 438 potius
549 388 701 436 furoris,
733 388 934 439 particeps,
969 396 1006 426 et
1045 387 1131 435 falsi
1162 387 1310 426 timoris

191 441 328 489 socius,
355 442 505 488 fuisses)
539 442 779 480 acerbissime
804 442 1006 480 discidium
1040 449 1214 480 nostrum
1247 448 1310 480 tu-

191 496 304 541 lisse;
335 496 625 547 plurimumque
644 508 781 547 operae,
806 496 937 543 studii,
957 495 1177 546 diligentiae,
1202 495 1310 534 labo-

190 549 256 596 ris,
277 549 327 587 ad
345 549 622 588 conficiendum
642 550 810 587 reditum
828 562 975 597 meum,
995 549 1210 588 contulisse.

247 603 385 655 Itaque
410 604 482 642 hoc
504 603 574 641 tibi
604 616 689 641 vere
715 603 877 650 affirmo,
904 603 946 640 in
967 601 1139 641 maxima
1161 602 1309 650 laetitia,

191 664 230 697 et
255 657 541 709 exoptatissima
570 657 837 708 gratulatione,
868 670 1009 704 unum,
1031 657 1081 695 ad
1109 656 1311 696 cumulan-

190 712 286 750 dum
306 711 506 762 gaudium,
534 719 791 762 conspectum,
812 718 879 749 aut
897 711 1024 762 potius
1049 710 1309 762 complexum,

191 765 288 803 mihi
308 773 420 803 tuum
440 765 628 811 defuisse3
659 778 776 817 quem
796 765 913 803 semel
937 772 1085 810 nactus,
1108 776 1311 816 nunquam

192 819 394 857 dimisero.
426 832 482 867 ac,
515 819 589 858 nisi
620 819 736 858 etiam
765 819 1037 870 praetermissos
1058 818 1205 858 fructus
1233 826 1313 857 tuae

192 873 388 912 suavitatis
417 872 618 925 [praeteriti
646 873 847 925 temporis]
875 885 1008 912 omnoe
1026 885 1199 934 exegero,
1224 884 1314 924 pro-

191 927 290 966 fecto
308 927 380 965 hac
398 927 633 966 restitutione
662 927 826 966 fortunae
843 939 907 965 me
927 927 1009 979 ipse
1026 939 1105 965 non
1122 926 1211 965 satis
1228 925 1315 978 dig-

196 993 294 1019 num
309 981 503 1030 judicabo.

247 1036 332 1074 Nos
351 1035 477 1074 adhuc
497 1035 554 1079 (in
578 1043 706 1074 nostro
725 1042 827 1075 statu
846 1035 951 1088 quod
968 1035 1192 1074 difficillime
1207 1047 1316 1074 recu-

192 1089 318 1141 perari
346 1103 456 1140 posse
486 1089 658 1128 arbitrati
688 1097 839 1138 sumus)
868 1089 1109 1142 splendorem
1140 1096 1314 1128 nostrum

194 1144 309 1182 illum
328 1143 530 1192 forensem,
563 1155 599 1182 et
617 1144 658 1182 in
686 1151 819 1186 senatu
846 1143 1122 1192 auctoritatem,
1143 1150 1181 1182 et
1209 1142 1314 1195 apud

193 1198 293 1237 viros
321 1199 439 1236 bonos
467 1198 645 1248 gratiam,
670 1198 793 1249 magis
823 1211 942 1249 quam
963 1198 1198 1249 optaramus,
1224 1209 1314 1235 con-

195 1251 315 1290 secuti
335 1264 479 1289 sumus.
512 1252 560 1289 In
580 1265 620 1290 re
639 1259 769 1289 autem
788 1251 981 1300 familiari,
1005 1249 1112 1303 (qniae
1128 1250 1315 1303 quemad-

193 1305 355 1343 modum
366 1305 499 1352 fracta,
509 1305 700 1356 dissipata,
710 1305 858 1356 direpta
870 1305 931 1352 sit,
941 1317 1018 1342 non
1029 1305 1196 1356 ignoras)
1204 1303 1317 1343 valde

159 1402 161 1405 Α
193 1359 438 1405 laboramu83
468 1366 714 1410 tuarumque,
741 1371 819 1397 non
843 1366 925 1397 tam
950 1358 1178 1397 facultatum
1199 1359 1316 1410 (quas

196 1425 266 1463 ego
283 1421 429 1451 nostras
448 1426 526 1451 esse
541 1413 703 1462 judico),
724 1425 844 1464 quam
863 1413 1121 1460 consiliorum,
1141 1412 1191 1451 ad
1209 1412 1316 1451 colli-

194 1466 337 1518 gendas
356 1474 393 1505 et
411 1467 691 1505 constituendas
710 1466 890 1518 reliquias
904 1474 1063 1514 nostras,
1084 1466 1314 1517 indigemus.

249 1521 383 1568 Nunc,
406 1521 475 1559 etsi
493 1521 624 1560 omnia
653 1528 719 1559 aut
738 1521 877 1572 scripta
901 1534 979 1559 esse
997 1535 1020 1559 a
1038 1520 1114 1559 tuis
1139 1520 1315 1568 arbitror,

195 1582 264 1613 aut
283 1575 398 1613 etiam
417 1574 562 1613 nuntiis
581 1588 624 1613 ac
642 1588 795 1614 rumore
810 1576 986 1637 perlata3
1016 1583 1144 1614 tamen
1163 1587 1208 1612 ea
1224 1573 1316 1612 scri-

195 1631 287 1668 bam
305 1629 424 1677 brevi,
452 1643 540 1680 quae
564 1636 602 1668 te
619 1636 714 1681 puto
739 1629 984 1681 potissimum
1014 1642 1061 1668 ex
1079 1628 1177 1668 meis
1195 1627 1316 1666 literis

197 1683 295 1722 velle
315 1696 548 1734 cognoscere.

251 1737 382 1776 Pridie
401 1739 535 1776 Nonas
554 1738 730 1786 Sextiles,
746 1737 989 1790 Dyrrhachio
1003 1751 1090 1777 sum
1107 1735 1315 1789 profectus,

195 1791 279 1843 ipso
298 1792 365 1830 illo
384 1791 458 1840 die,
479 1804 556 1843 quo
573 1792 638 1830 lex
664 1799 719 1831 est
735 1792 815 1830 lata
843 1793 890 1831 de
908 1793 1028 1832 nobis.
1058 1790 1313 1831 Brundisium

196 1846 286 1884 veni
318 1846 444 1884 Nonis
472 1845 692 1884 Sextilibus.
723 1844 787 1885 Ibi
815 1846 913 1885 mih:
938 1847 1112 1886 Tulliola
1129 1858 1217 1884 mea
1238 1844 1314 1883 fuit

197 1908 349 1951 praesto,
381 1900 499 1937 natali
529 1913 598 1939 suo
627 1901 710 1952 ipso
734 1900 809 1948 die,
833 1901 900 1952 qui
933 1914 1022 1939 casu
1050 1900 1153 1939 idem
1178 1899 1315 1937 natalis

197 1961 278 1991 erat
296 1961 333 1991 et
358 1954 605 1993 Brundisinae
629 1954 800 2002 coloniae,
823 1962 861 1993 et
886 1961 963 1993 tuae
988 1954 1121 1993 vicinae
1146 1953 1314 1992 Salutis·

196 2020 285 2057 quae
303 2020 376 2054 res,
396 2008 660 2046 animadversa
689 2023 712 2047 a
729 2008 991 2057 multitudine,
1011 2021 1166 2047 summa
1185 2007 1316 2045 Brun-

196 2061 406 2100 disinorum
425 2062 679 2113 gratulatione
697 2063 883 2101 celebrata
900 2070 970 2101 est.

251 2116 358 2156 Ante
377 2117 479 2158 diem
499 2118 563 2157 VI
590 2117 651 2156 Id.
673 2117 849 2167 Sextiles,
873 2116 1047 2170 cognovi,
1071 2129 1161 2156 cum
1184 2114 1316 2154 Brun-
