1513 2382
301 83 384 122 AD
410 82 1039 123 ATTICUM.1.11³.V11.3.
1155 83 1237 128 337

167 190 293 231 Venio
310 191 361 230 ad
382 192 634 238 “Piraeeaae’
634 192 695 230 ·in
721 205 799 243 quo
817 193 941 244 magis
958 192 1239 256 repre-henden-

111 244 183 284 dus
201 259 302 293 sum,
324 245 442 297 quod,
455 246 573 284 homo
592 247 809 293 Romanus,
832 249 986 286 Piraeea
1007 247 1235 299 scripserim,

111 311 189 338 non
223 301 421 339 Piroeeum
447 300 518 343 (sic
543 300 646 339 enim
673 313 804 339 omnes
824 301 944 339 nostri
974 302 1092 340 locuti
1111 310 1233 351 sunt),

110 366 229 405 quam
262 354 366 406 quod
396 357 424 377 “
444 355 514 392 τή”
548 354 771 392 addiderim.
814 356 906 393 Non
940 356 1043 393 enim
1073 356 1158 403 1100,
1189 364 1235 395 ut

107 408 263 459 oppido,
289 408 493 460 praeposui,
515 409 588 447 sed
609 417 655 447 ut
672 409 755 447 1000
772 423 782 447 :
815 417 852 447 et
870 417 999 447 tamen
1019 409 1232 461 Dionysius

106 468 247 510 noster,
270 463 338 514 qui
357 470 412 501 est
431 463 646 510 nobiscum,
678 470 715 501 et
734 463 867 502 Nicias
888 464 1005 511 Cous,
1026 476 1104 501 non
1123 466 1232 502 reba-

64 533 69 537 ·
106 522 171 553 tur
201 516 390 568 oppidum
416 530 497 556 esse
527 518 686 556 Piraeea.
716 517 793 556 Sed
818 518 867 556 de
895 531 936 556 re
957 518 1098 555 videro.
1130 517 1233 556 Nos-

106 577 211 608 trum
240 571 399 622 quidem
418 571 449 609 si
478 579 533 610 est
559 579 775 623 peecatum,
796 572 837 609 in
863 584 906 610 eo
925 579 994 619 est,
1016 571 1120 624 quod
1137 583 1233 621 non,

105 631 150 662 ut
167 624 216 662 de
234 625 390 677 oppido,
407 625 557 664 locutus
576 639 679 673 sum,
699 625 765 665 sed
787 634 833 664 ut
859 626 906 664 de
924 627 1032 671 loco;
1064 634 1234 665 secutus-

103 691 181 730 que
200 691 301 727 sum,
315 692 393 718 non
412 679 496 719 dico
512 680 727 728 Caecilium,
750 683 778 703 “
791 680 914 718 Mane
933 688 978 719 ut
997 693 1043 719 ex
1063 688 1176 732 portu
1188 680 1230 718 in

105 732 342 782 Piraeeum,’'
376 735 520 786 (malus
540 735 643 773 enim
661 741 791 773 auctor
812 735 1033 773 Latinitatis
1052 734 1143 784 est),
1164 734 1230 773 sed

103 786 348 836 Terentium,
376 790 490 838 cujus
516 789 682 835 fabellae,
708 796 863 840 propter
892 788 1123 840 elegantiam
1151 801 1230 827 ser-

101 841 240 890 monis,
260 844 496 894 putabantur
515 857 538 881 a
559 842 605 882 C.
620 843 742 880 Laelio
757 843 868 881 scribi
884 857 895 881 ε

128 929 157 950 “
173 927 272 966 Heri
289 928 437 980 aliquot
454 929 725 968 adolescentuli
739 930 889 969 coimus
903 931 945 969 111
963 930 1200 970 Piraeeum?

100 1002 156 1043 Et
173 1004 291 1066 idem,
323 1006 351 1027 “
371 1003 567 1043 Meroetor
585 1004 657 1043 hoc
671 1003 849 1053 addebat,
864 1013 1017 1058 captam
1029 1020 1049 1045 e
1062 1007 1230 1046 Sunio.”

102 1057 222 1106 Quod
240 1059 272 1097 si
291 1059 420 1107 δημους
438 1058 580 1110 oppida
599 1059 778 1097 volumus
797 1072 906 1106 esse;
936 1067 1017 1099 tam
1043 1068 1099 1099 est
1116 1062 1230 1113 oppi-

98 1112 196 1151 dum
226 1112 408 1174 Sunium,
430 1125 550 1164 quam
570 1112 752 1151 Piraeeus.
781 1114 871 1162 Sed,
893 1115 1077 1166 quoniam
1097 1129 1229 1167 gram-

98 1167 260 1206 maticus
279 1180 332 1215 σε,
353 1166 386 1205 si
414 1167 486 1206 hoc
515 1167 615 1205 mihi
643 1170 679 1212 ζη
662 1182 729 1210 τη
734 1185 787 1217 μα
816 1169 1054 1220 persolveris,
1082 1171 1228 1222 magna

99 1232 164 1259 me
181 1221 358 1259 molestia
374 1220 560 1260 liberaris.

153 1275 228 1313 me
259 1275 359 1313 1111111
382 1276 512 1314 literas
536 1275 698 1316 blandas
723 1276 872 1315 mittit:
904 1277 995 1316 facit
1023 1277 1128 1316 idem
1157 1291 1228 1329 pro

99 1342 144 1369 eo
161 1329 325 1368 Balbus.
354 1329 461 1369 Mihi
491 1337 639 1369 certum
662 1340 733 1379 est,
765 1333 814 1370 ab
843 1331 1113 1370 honestissima
1143 1345 1230 1371 sen-

99 1383 219 1422 tentia
255 1383 421 1435 digitum
455 1396 666 1436 nusquam.
709 1385 786 1425 Sed
821 1385 906 1434 5015,
941 1386 1000 1424 1111
1032 1386 1227 1438 reliquum

99 1444 291 1490 quantum
319 1437 378 1477 sit.
408 1439 580 1478 Putasne
606 1439 726 1490 igitur
745 1440 955 1478 verendum
974 1453 1067 1487 esse,
1088 1453 1137 1478 ne
1156 1449 1226 1479 aut

97 1492 253 1542 objiciat
269 1491 311 1530 id
327 1492 439 1531 nobis
458 1493 611 1545 aliquis,
643 1494 675 1533 si
699 1494 933 1546 languidius,
968 1502 1037 1532 aut
1065 1502 1226 1556 repetat,

98 1546 130 1585 51
147 1546 314 1585 fortius?
343 1546 453 1594 Quid
471 1547 520 1585 ad
538 1547 621 1586 haec
642 1549 815 1600 reperis?
845 1548 1095 1596 Solvamus,
1084 1548 1227 1600 mquis.

99 1601 201 1652 Age,
222 1613 246 1638 a
263 1600 384 1639 Coelio
401 1601 682 1640 mutuabimur.
714 1603 802 1641 Hoc
830 1609 874 1640 tu
900 1610 1030 1640 tamen
1058 1603 1228 1641 conside-

98 1668 170 1703 roe,
192 1653 321 1693 velim.
349 1655 453 1693 Puto
472 1655 589 1704 enim,
608 1656 650 1693 in
669 1665 803 1695 senatu
823 1656 856 1695 51
874 1656 1031 1707 quando
1048 1657 1228 1708 praeclare

95 1721 165 1761 pro
171 1721 225 1752 „re
247 1708 405 1760 publica
423 1709 569 1757 dixero,
589 1709 828 1749 Tartessium
851 1710 970 1748 istum
993 1717 1108 1749 tuum
1127 1710 1225 1749 mihi

96 1762 269 1812 exeunti,
299 1763 462 1811 “Jube,
478 1763 603 1810 sodes,
622 1776 804 1803 nummos
823 1764 996 1803 curare-’⁹

153 1817 263 1865 Quid
291 1824 462 1868 superest
475 1817 494 1854 Ρ
533 1817 660 1857 etiam.
702 1819 831 1858 Gener
863 1826 919 1857 est
956 1819 1082 1857 suavis
1111 1818 1226 1867 mihi,

98 1871 255 1933 Tulliae,
276 1870 491 1910 Terenfiae·
521 1873 772 1923 quantumvis
805 1873 895 1911 vel
883 1872 1042 1924 ingenii,
1064 1872 1124 1911 vel
1153 1873 1228 1911 hu-

96 1925 314 1965 manitafis:
347 1925 463 1964 satis.
493 1926 655 1978 reliqua,
681 1941 769 1979 quae
787 1926 903 1975 nosti,
932 1926 1099 1965 ferenda.
1139 1927 1227 1966 8015

99 1979 217 2028 0111111,
238 1992 336 2031 quos
364 1979 655 2042 aperuerimus:
685 1981 754 2033 qui
779 1993 926 2029 omnes,
954 1988 1092 2032 praeter
1121 1992 1226 2029 eum,

98 2034 146 2073 de
164 2046 243 2086 quo
260 2047 330 2085 per
349 2040 387 2072 te
412 2035 576 2086 egimus,
607 2047 689 2073 rem
708 2048 773 2074 me
796 2036 919 2074 facere
942 2041 1102 2073 rentur:
1130 2035 1226 2087 ipsis

97 2087 201 2127 0111111
219 2100 433 2150 expensum
452 2101 566 2128 nemo
584 2088 712 2129 ferret.
742 2089 820 2129 Sed
845 2089 929 2128 11ωο
943 2101 1102 2127 eoram:
1130 2101 1228 2128 nam

96 2141 213 2181 multi
231 2142 414 2181 sermonis
434 2150 536 2181 sunt

151 2194 306 2233 Tironis
337 2196 530 2235 reficiendi
555 2209 640 2250 spes
661 2204 716 2237 est
734 2197 775 2236 in
810 2197 873 2236 Μ’
893 2196 1042 2237 Curio
1032 2226 1041 2235 .
1073 2196 1136 2236 cui
1155 2208 1226 2247 ego

152 2250 321 2301 (Epist.)
342 2260 447 2289 vor..
479 2261 530 2287 11.
871 2253 896 2290 2
919 2263 943 2288 0
