1513 2382
213 89 294 127 35ss
409 88 489 126 AD
518 87 803 129 ATTICUM.
833 89 933 129 1113.
957 89 1055 128 VII.
1085 91 1150 130 21.

210 195 337 247 pueris
355 195 449 248 quid
468 210 595 248 agam,
616 210 695 236 non
713 199 847 237 habeo.
890 198 1066 250 Capuam
1094 205 1224 236 tamen
1241 210 1330 249 pro-

210 249 400 288 ficiscebar
417 250 498 290 haec
517 251 698 300 scribens,
711 266 788 304 quo
801 252 948 291 facilius
964 253 1011 291 de
1026 251 1201 304 Pompeii
1219 252 1333 290 rebus

213 315 488 354 cognoscerem.

434 467 550 519 (20.)
582 467 794 507 CICERO
822 467 1043 507 ATTICO
1074 469 1115 507 S.

266 573 604 626 Breviloquentem
627 576 710 624 jam
729 587 793 613 me
811 582 964 626 tempus
981 575 1110 627 ipsum
1128 574 1230 614 facit.
1260 575 1337 614 Pa-

213 639 296 665 cem
316 627 419 666 enim
437 628 656 680 desperavi:
686 629 832 666 bellum
845 629 964 667 nostri
975 630 1129 667 nullum
1149 629 1335 667 adminis-

214 687 327 718 trant.
375 682 478 720 Cave
500 683 602 720 enim
621 689 747 733 puteS,
767 682 981 734 quidquam
1001 696 1079 721 esse
1096 682 1254 721 minoris
1272 682 1335 720 his

214 735 456 774 consulibus:
479 748 645 787 quorum
661 749 730 786 ego
745 749 811 787 spe
826 735 1019 780 audiendi,
1036 743 1073 774 et
1087 735 1335 787 cognoscendi

214 788 333 825 nostri
351 792 568 841 apparatus,
587 790 759 827 maximo
778 789 894 828 imbri
914 788 1091 841 Capuam
1109 790 1196 828 veni
1213 789 1337 842 pridie

216 842 364 891 Nonas,
379 851 424 880 ut
439 856 542 881 eram
554 844 694 892 jussus.
717 843 784 881 Illi
795 851 923 882 autem
939 844 1113 881 nondum
1127 850 1334 889 venerant;

215 894 281 933 sed
307 905 414 935 erant
431 897 595 944 venturi,
622 897 768 945 inanes,
800 897 990 948 imparati.
1033 896 1175 937 Cnaeus
1206 904 1338 936 autem

214 949 389 988 Luceriae
407 951 602 990 dicebatur
631 964 724 999 esse,
757 958 793 989 et
819 951 922 989 adire
947 951 1117 990 oohortes
1141 951 1338 1002 legionum

215 1003 481 1051 Attianarum,
515 1017 591 1042 non
630 1004 947 1043 firmissimarum.
989 1008 1049 1043 At
1082 1005 1194 1042 illum
1229 1017 1338 1043 ruere

217 1058 410 1106 nuntiant,
445 1066 482 1096 et
509 1059 592 1108 jam
616 1059 777 1109 jamque
813 1059 956 1105 adesse,
990 1071 1068 1097 non
1100 1065 1144 1097 ut
1176 1070 1337 1096 manum

217 1119 401 1160 conserat,
426 1113 604 1163 (quicum
623 1112 726 1150 enim
740 1115 776 1160 Ρ)
797 1112 862 1151 sed
880 1119 924 1150 ut
941 1112 1076 1163 fugam
1094 1112 1336 1151 intercludat.

272 1165 360 1216 Ego
379 1174 510 1204 autem
528 1166 570 1203 in
597 1165 713 1204 Italia
745 1181 802 1203 και
838 1165 1108 1204 ammomum:
1138 1178 1207 1204 nec
1235 1173 1272 1204 te
1298 1165 1339 1204 id

219 1219 386 1257 consulo.
417 1220 485 1258 Sin
505 1226 625 1265 extra,
642 1219 736 1270 quid
750 1219 847 1270 ago?
866 1219 934 1258 Ad
947 1220 1184 1259 manendum
1197 1219 1336 1267 hiems,

220 1271 382 1319 lictores,
411 1272 616 1324 improvidi
635 1280 672 1311 et
698 1273 932 1324 negligentes
959 1273 1099 1319 duces;
1129 1274 1179 1312 ad
1203 1273 1337 1324 fugam

219 1325 393 1364 hortatur
421 1326 588 1364 amicitia
619 1325 741 1375 Cnaei,
773 1339 887 1364 causa
910 1329 1113 1375 bonorum,
1139 1326 1338 1377 turpitudo

220 1380 477 1431 conjungendi
507 1392 595 1417 cum
624 1388 812 1432 tyrann03
843 1381 912 1431 qui
945 1381 1117 1432 quidem,
1149 1381 1337 1418 incertum

221 1441 290 1480 est,
313 1433 558 1471 Phalarimne
577 1446 624 1471 an
639 1433 890 1472 'Pisistratum
910 1434 958 1472 sit
975 1434 1206 1472 imitaturus.

274 1487 385 1535 Haec‚
402 1487 531 1534 velim,
548 1487 727 1538 explices,
744 1495 781 1525 et
798 1500 861 1525 me
876 1489 987 1537 juves
1005 1488 1185 1526 consilio:
1216 1487 1287 1526 etsi
1301 1494 1340 1526 te

219 1541 347 1592 ipsum
374 1541 459 1578 istic
481 1541 563 1589 jam
594 1541 713 1579 calere
739 1548 857 1592 puto:
890 1541 955 1579 sed
982 1549 1126 1590 tamen,
1147 1548 1338 1594 quantum

218 1594 369 1645 poteris.
398 1594 485 1645 Ego
512 1595 542 1632 si
567 1594 660 1645 quid
678 1595 742 1633 hic
767 1594 879 1633 hodie
897 1595 985 1633 novi
1014 1598 1193 1646 cognoro,
1219 1595 1336 1634 scies:

217 1649 299 1697 jam
330 1648 432 1686 enim
459 1647 620 1686 aderunt
646 1649 818 1686 eonsules
843 1648 892 1686 ad
924 1662 1010 1687 suas
1042 1649 1188 1688 Nonas.
1231 1649 1340 1688 Tuas

220 1701 388 1753 quotidie
405 1702 532 1739 literas
552 1704 787 1753 exspectabo.
816 1702 885 1740 Ad
903 1702 972 1740 has
990 1710 1134 1750 autem,
1162 1716 1250 1741 cum
1269 1716 1339 1754 po-

219 1755 322 1804 teris,
342 1755 536 1794 rescribes.
577 1755 763 1794 Mulieres
782 1764 820 1794 et
847 1755 1048 1796 Cicerones
1066 1757 1107 1794 in
1132 1756 1339 1795 Formiano

220 1809 369 1860 reliqui.

438 1970 557 2023 (21.)
589 1970 801 2010 eiCERo
830 1969 1048 2010 ATT1co
1077 1971 1116 2010 S.

274 2078 337 2116 De
354 2078 466 2116 malis
484 2079 620 2117 nostris
633 2086 675 2117 tu
695 2079 801 2129 prius
819 2078 944 2126 audis,
965 2091 1082 2131 quam
1103 2090 1196 2129 ego:
1226 2079 1338 2117 istinc

220 2132 322 2170 enim
335 2140 526 2170 emanant.
553 2133 656 2171 Boni
669 2139 812 2178 autem,
832 2133 921 2171 hinc
940 2132 1044 2184 quod
1059 2141 1262 2183 exspectes,
1278 2132 1338 2170 ni-

218 2186 273 2225 hii
292 2192 358 2225 est.
388 2185 490 2225 Veni
514 2185 692 2238 Capuam
710 2186 758 2224 ad
779 2187 912 2225 Nonas
939 2186 1051 2225 Febr.
1080 2186 1132 2224 ita
1152 2192 1194 2224 ut
1210 2186 1336 2235 jusse-
