1513 2382
310 112 393 153 AD
420 111 697 154 ATTICUM.
728 113 825 153 Lm.
848 112 966 153 VIII.
1002 113 1060 153 15.
1162 110 1240 156 393

134 227 301 268 movent,
323 221 390 271 qui
408 221 481 272 ipsi
500 221 635 273 pluma
654 229 721 260 aut
745 221 835 261 folio
860 222 1008 261 facilius
1026 235 1114 262 mov
1117 230 1239 261 entur.

132 273 262 312 Officii
293 286 354 312 me
379 274 598 314 deliberatio
627 276 784 323 cruciat,
815 276 1071 327 cruciavitque
1103 276 1239 314 adhuc.

133 325 292 366 cautior
309 335 407 366 certe
426 336 481 366 est
497 329 668 367 mansio.
699 329 888 367 honestior
906 329 1143 367 existimatur
1163 337 1239 367 tra-

125 379 251 429 jectio.
292 380 403 419 Malo
427 381 634 430 interdum,
654 383 769 420 multi
787 395 850 420 me
877 394 952 421 non
978 389 1100 430 caute,
1120 396 1239 435 quam

129 434 242 485 pauci
260 446 336 472 non
350 435 519 484 honeste,
539 435 668 474 fecisse
687 436 916 474 existiment.

185 487 248 525 De
277 487 425 539 Lepido
450 497 487 526 et
512 488 631 527 ’111110
650 489 753 540 quod
772 490 936 550 quaeris;
964 489 1021 527 iffi
1046 502 1133 528 vero
1162 502 1237 529 non

129 540 320 587 dubitant,
341 542 436 593 quin
455 541 595 581 Caesari
613 550 752 595 praesto
770 543 904 591 futuri,
932 543 973 581 in
992 551 1242 595 senatumque

132 595 280 632 venturi
299 595 385 633 sint.

186 648 461 688 Recentissima
488 659 556 689 tua
573 657 630 689 est
648 650 806 702 epistola
834 650 918 689 Cal.
951 650 1064 696 data3
1094 651 1133 688 in
1163 650 1242 702 qua

132 708 240 752 optas
258 714 515 753 congressum,
536 716 745 756 pacemque
763 716 839 741 non
854 704 1037 755 desperas
1067 705 1142 743 Sed
1156 717 1240 755 ego,

132 767 222 793 cum
246 755 327 794 haec
356 758 579 805 scribebam,
606 770 674 795 nec
699 757 783 795 illos
802 770 1076 807 congressuros,
1105 770 1188 804 nec,
1208 758 1241 795 si

133 809 320 859 congressi
338 818 472 859 essent,
504 811 733 862 Pompeium
761 810 809 848 ad
838 811 960 849 ullam
989 811 1241 850 conditionem

133 875 384 911 accessurum,
405 866 601 914 putabam.

187 915 306 962 Quod
332 916 469 956 videris
487 930 563 955 non
582 918 770 965 dubitare,
791 918 822 955 si
840 920 1010 957 consules
1037 926 1242 964 transeant,

133 969 227 1020 quid
254 981 322 1007 nos
346 969 468 1009 facere
494 979 688 1022 oporteat3
718 978 816 1009 certe
841 978 1050 1017 transeunt,
1071 973 1145 1019 vel,
1165 984 1243 1023 quo

134 1022 248 1060 modo
272 1035 374 1061 nunc
393 1031 461 1070 est,
487 1024 727 1062 transierunt.
767 1024 843 1062 Sed
875 1032 1082 1072 memento,
1109 1033 1244 1076 praeter

134 1075 326 1127 Appium,
352 1077 545 1115 neminem
578 1090 656 1116 esse
687 1078 777 1125 fere,
809 1078 877 1128 qui
908 1091 985 1118 non
1011 1080 1075 1128 jus
1106 1080 1245 1117 habeat

136 1129 365 1167 transeundi.
396 1131 501 1168 Nam
524 1138 590 1168 aut
609 1144 697 1169 cum
716 1131 877 1192 imperio
891 1140 994 1179 sunt,
1008 1139 1052 1169 ut
1065 1132 1247 1183 Pompei-

136 1195 195 1231 us,
224 1190 269 1220 ut
297 1183 437 1235 Scipio,
469 1185 639 1233 Setenas,
667 1185 853 1231 Fannius,
884 1185 1093 1233 Voconius,
1123 1185 1251 1224 Sexti-

136 1249 196 1284 us,
215 1236 288 1289 ipsi
305 1238 488 1286 consules,
509 1238 650 1289 quibus
676 1251 781 1276 more
810 1239 1001 1288 majorum
1028 1251 1247 1277 concessum

137 1297 206 1337 est,
237 1290 297 1328 vel
339 1303 471 1330 omnes
507 1291 611 1329 adire
642 1291 880 1343 provincia53
910 1299 978 1330 aut
1010 1293 1125 1343 legati
1162 1300 1251 1331 sunt

138 1356 281 1382 eorum.
311 1344 387 1384 Sed
404 1344 502 1382 nihil
521 1345 673 1383 dissero.
705 1345 813 1393 Quid
831 1346 976 1397 placeat
995 1346 1078 1395 tibi,
1101 1353 1138 1385 et
1155 1346 1250 1397 quid

137 1398 414 1449 propemodum
433 1406 579 1436 rectum
599 1399 660 1447 sit,
680 1398 866 1449 intelligo.

193 1451 312 1489 Plura
342 1452 558 1500 scriberem,
584 1452 614 1490 si
647 1452 727 1503 ipse
753 1465 913 1503 possem.
962 1453 1051 1500 Sed,
1083 1460 1126 1491 ut
1152 1453 1249 1490 mihi

140 1503 282 1552 videor,
315 1513 445 1557 potero
477 1505 605 1544 biduo.
648 1506 763 1543 Balbi
785 1504 952 1544 Cornelii
969 1506 1165 1544 literarum
1185 1519 1252 1544 ex-

141 1559 313 1610 emplum
336 1562 449 1610 (quas
474 1559 607 1597 eodem
635 1559 697 1597 die
724 1560 863 1611 accepi,
883 1572 960 1611 quo
979 1567 1078 1607 tuas)
1098 1560 1185 1597 misi
1202 1560 1251 1597 ad

140 1619 192 1703 de,
219 1619 264 1650 ut
291 1625 418 1652 meam
450 1613 571 1652 vicem
600 1612 760 1662 doleres,
794 1626 883 1652 cum
912 1626 975 1652 me
1007 1612 1166 1653 derideri
1195 1613 1251 1652 vi-

167 1678 257 1706 eres.

397 1779 425 1799 “
441 1777 587 1815 Balbus
611 1777 803 1825 Ciceroni,
831 1778 936 1827 Imp.
965 1778 1010 1815 S.

201 1884 230 1904 “
250 1881 421 1922 Obsecro
450 1891 501 1930 te,
522 1884 668 1930 Cicero,
689 1883 837 1935 suscipe
855 1896 985 1922 curam
1004 1891 1041 1922 et
1064 1883 1258 1934 cogitatio-

146 1947 234 1974 nem
249 1936 510 1987 dignissimam
526 1945 603 1976 tuae
615 1937 778 1984 virtutis,
787 1944 831 1974 ut
842 1936 1030 1976 Caesarem
1039 1945 1075 1976 et
1069 1936 1264 1998 Pompei-

147 2001 230 2037 um,
259 1989 418 2040 perfidia
442 1990 644 2029 hominum
674 1989 882 2038 distractos,
909 2003 1039 2029 rursus
1068 1990 1108 2028 in
1138 1989 1265 2042 pristi-

148 2055 239 2081 nam
258 2043 495 2082 concordiam
514 2044 682 2082 reducas.
711 2043 832 2083 Crede
850 2044 961 2093 mihi,
981 2044 1169 2082 Caesarem
1185 2055 1262 2081 non

150 2096 275 2134 solum
293 2096 400 2135 fore'
390 2109 430 2134 m
448 2097 517 2136 tua
534 2104 732 2149 potestate,
749 2098 812 2136 sed
828 2097 941 2137 etiam
961 2098 1177 2136 maximum
1196 2099 1264 2136 be-

151 2149 328 2188 neficium
345 2157 382 2189 te
400 2151 472 2190 sibi
490 2151 636 2190 dedisse
648 2151 924 2201 judicaturum,
941 2152 970 2190 si
985 2152 1061 2190 huc
1080 2158 1116 2189 te
1128 2150 1262 2201 rejicis.

154 2201 298 2253 Velim,
322 2203 424 2243 idem
457 2205 664 2257 Pompeius
693 2204 831 2252 faciat3
863 2206 929 2256 qui
959 2212 1002 2244 ut
1030 2204 1166 2244 adduci
1195 2203 1262 2242 tali
