<?xml version="1.0" encoding="UTF-8"?>
<!DOCTYPE html PUBLIC "-//W3C//DTD XHTML 1.0 Transitional//EN"
    "http://www.w3.org/TR/xhtml1/DTD/xhtml1-transitional.dtd">
<html xmlns="http://www.w3.org/1999/xhtml" xml:lang="en" lang="en">
 <head>
  <title>
</title>
<meta http-equiv="Content-Type" content="text/html;charset=utf-8" />
  <meta name='ocr-system' content='tesseract 3.04.00' />
  <meta name='ocr-capabilities' content='ocr_page ocr_carea ocr_par ocr_line ocrx_word'/>
</head>
<body>
  <div class='ocr_page' id='page_1' title='image "./operaern10ciceuoft_0122.png"; bbox 0 0 1513 2382; ppageno 0'>
   <div class='ocr_carea' id='block_1_1' title="bbox 255 77 1178 120">
    <p class='ocr_par' dir='ltr' id='par_1_1' title="bbox 255 77 1178 120">
     <span class='ocr_line' id='line_1_1' title="bbox 255 77 1178 120; baseline 0 -2"><span class='ocrx_word' id='word_1_1' title='bbox 255 80 330 119; x_wconf 79' lang='lat'><strong>108</strong></span> <span class='ocrx_word' id='word_1_2' title='bbox 437 79 520 117; x_wconf 82' lang='lat' dir='ltr'><strong>AD</strong></span> <span class='ocrx_word' id='word_1_3' title='bbox 548 77 841 119; x_wconf 89' lang='lat' dir='ltr'>DIVERSOS.</span> <span class='ocrx_word' id='word_1_4' title='bbox 872 80 970 119; x_wconf 83' lang='lat' dir='ltr'>L113.</span> <span class='ocrx_word' id='word_1_5' title='bbox 990 81 1084 120; x_wconf 88' lang='lat' dir='ltr'><strong>XV.</strong></span> <span class='ocrx_word' id='word_1_6' title='bbox 1117 81 1178 119; x_wconf 81' lang='lat'><strong>18.</strong></span> 
     </span>
    </p>
   </div>
   <div class='ocr_carea' id='block_1_2' title="bbox 235 185 1356 1840">
    <p class='ocr_par' dir='ltr' id='par_1_2' title="bbox 242 185 1356 560">
     <span class='ocr_line' id='line_1_2' title="bbox 244 185 1352 238; baseline 0.002 -14"><span class='ocrx_word' id='word_1_7' title='bbox 244 187 368 238; x_wconf 87' lang='lat' dir='ltr'><strong>gitant</strong></span> <span class='ocrx_word' id='word_1_8' title='bbox 385 185 535 232; x_wconf 87' lang='lat' dir='ltr'><strong>literas;</strong></span> <span class='ocrx_word' id='word_1_9' title='bbox 565 199 655 225; x_wconf 87' lang='lat' dir='ltr'><strong>cum</strong></span> <span class='ocrx_word' id='word_1_10' title='bbox 679 186 728 225; x_wconf 87' lang='lat' dir='ltr'><strong>ad</strong></span> <span class='ocrx_word' id='word_1_11' title='bbox 746 200 809 226; x_wconf 89' lang='lat' dir='ltr'><strong>me</strong></span> <span class='ocrx_word' id='word_1_12' title='bbox 833 187 1004 236; x_wconf 82' lang='lat' dir='ltr'><strong>veniunt,</strong></span> <span class='ocrx_word' id='word_1_13' title='bbox 1034 187 1158 225; x_wconf 80' lang='lat' dir='ltr'><strong>nullas</strong></span> <span class='ocrx_word' id='word_1_14' title='bbox 1176 186 1352 226; x_wconf 83' lang='lat' dir='ltr'><strong>afferunt.</strong></span> 
     </span>
     <span class='ocr_line' id='line_1_3' title="bbox 242 239 1356 292; baseline 0 -14"><span class='ocrx_word' id='word_1_15' title='bbox 242 241 377 291; x_wconf 89' lang='lat' dir='ltr'><strong>Atque</strong></span> <span class='ocrx_word' id='word_1_16' title='bbox 395 239 434 277; x_wconf 94' lang='lat' dir='ltr'><strong>id</strong></span> <span class='ocrx_word' id='word_1_17' title='bbox 452 239 579 291; x_wconf 91' lang='lat' dir='ltr'><strong>ipsum</strong></span> <span class='ocrx_word' id='word_1_18' title='bbox 597 240 760 278; x_wconf 84' lang='lat' dir='ltr'><strong>facerent</strong></span> <span class='ocrx_word' id='word_1_19' title='bbox 779 239 1026 290; x_wconf 71' lang='lat' dir='ltr'><strong>commodius,</strong></span> <span class='ocrx_word' id='word_1_20' title='bbox 1046 241 1077 279; x_wconf 85' lang='lat' dir='ltr'><strong>si</strong></span> <span class='ocrx_word' id='word_1_21' title='bbox 1094 239 1190 278; x_wconf 90' lang='lat' dir='ltr'><strong>mihi</strong></span> <span class='ocrx_word' id='word_1_22' title='bbox 1208 239 1356 292; x_wconf 80' lang='lat' dir='ltr'><strong>aliquid</strong></span> 
     </span>
     <span class='ocr_line' id='line_1_4' title="bbox 244 293 1352 346; baseline -0.001 -14"><span class='ocrx_word' id='word_1_23' title='bbox 244 294 356 345; x_wconf 89' lang='lat' dir='ltr'><strong>spatii</strong></span> <span class='ocrx_word' id='word_1_24' title='bbox 383 293 431 332; x_wconf 88' lang='lat' dir='ltr'><strong>ad</strong></span> <span class='ocrx_word' id='word_1_25' title='bbox 456 294 694 332; x_wconf 86' lang='lat' dir='ltr'><strong>scribendum</strong></span> <span class='ocrx_word' id='word_1_26' title='bbox 717 294 875 333; x_wconf 87' lang='lat' dir='ltr'><strong>darent:</strong></span> <span class='ocrx_word' id='word_1_27' title='bbox 907 295 972 333; x_wconf 90' lang='lat' dir='ltr'><strong>sed</strong></span> <span class='ocrx_word' id='word_1_28' title='bbox 993 294 1151 346; x_wconf 81' lang='lat' dir='ltr'><strong>petasati</strong></span> <span class='ocrx_word' id='word_1_29' title='bbox 1168 293 1352 331; x_wconf 86' lang='lat' dir='ltr'><strong>veniunt.</strong></span> <span class='ocrx_word' id='word_1_30' title='bbox 1340 308 1352 318; x_wconf 91' lang='lat'><strong>·</strong></span> 
     </span>
     <span class='ocr_line' id='line_1_5' title="bbox 244 346 1351 399; baseline 0 -14"><span class='ocrx_word' id='word_1_31' title='bbox 244 348 397 386; x_wconf 84' lang='lat' dir='ltr'>comites</span> <span class='ocrx_word' id='word_1_32' title='bbox 411 347 459 384; x_wconf 86' lang='lat' dir='ltr'><strong>ad</strong></span> <span class='ocrx_word' id='word_1_33' title='bbox 473 355 622 398; x_wconf 78' lang='lat' dir='ltr'><strong>portam</strong></span> <span class='ocrx_word' id='word_1_34' title='bbox 638 355 851 399; x_wconf 85' lang='lat' dir='ltr'><strong>exspectare</strong></span> <span class='ocrx_word' id='word_1_35' title='bbox 863 346 1004 387; x_wconf 83' lang='lat' dir='ltr'><strong>dicunt.</strong></span> <span class='ocrx_word' id='word_1_36' title='bbox 1033 347 1168 399; x_wconf 87' lang='lat' dir='ltr'><strong>Ergo</strong></span> <span class='ocrx_word' id='word_1_37' title='bbox 1156 359 1351 398; x_wconf 78' lang='lat' dir='ltr'><strong>ignosces:</strong></span> 
     </span>
     <span class='ocr_line' id='line_1_6' title="bbox 244 401 1352 453; baseline -0.004 -13"><span class='ocrx_word' id='word_1_38' title='bbox 244 401 380 440; x_wconf 83' lang='lat' dir='ltr'><strong>alteras</strong></span> <span class='ocrx_word' id='word_1_39' title='bbox 405 401 560 438; x_wconf 84' lang='lat' dir='ltr'><strong>habebis</strong></span> <span class='ocrx_word' id='word_1_40' title='bbox 582 401 651 439; x_wconf 88' lang='lat' dir='ltr'><strong>has</strong></span> <span class='ocrx_word' id='word_1_41' title='bbox 672 403 826 440; x_wconf 87' lang='lat' dir='ltr'><strong>breves·</strong></span> <span class='ocrx_word' id='word_1_42' title='bbox 857 402 922 440; x_wconf 83' lang='lat' dir='ltr'><strong>sed</strong></span> <span class='ocrx_word' id='word_1_43' title='bbox 941 409 1115 453; x_wconf 82' lang='lat' dir='ltr'><strong>exspecta</strong></span> <span class='ocrx_word' id='word_1_44' title='bbox 1132 415 1251 437; x_wconf 83' lang='grc' dir='ltr'><em>παντα</em></span> <span class='ocrx_word' id='word_1_45' title='bbox 1272 415 1352 450; x_wconf 72' lang='grc' dir='ltr'><strong>περι</strong></span> 
     </span>
     <span class='ocr_line' id='line_1_7' title="bbox 242 452 1353 506; baseline 0.002 -16"><span class='ocrx_word' id='word_1_46' title='bbox 242 469 400 491; x_wconf 58' lang='grc' dir='ltr'><strong>πεπτω.</strong></span> <span class='ocrx_word' id='word_1_47' title='bbox 428 454 514 492; x_wconf 86' lang='lat' dir='ltr'><strong>Etsi</strong></span> <span class='ocrx_word' id='word_1_48' title='bbox 533 455 625 506; x_wconf 87' lang='lat' dir='ltr'><strong>quid</strong></span> <span class='ocrx_word' id='word_1_49' title='bbox 637 467 705 504; x_wconf 88' lang='lat' dir='ltr'><strong>ego</strong></span> <span class='ocrx_word' id='word_1_50' title='bbox 724 466 786 493; x_wconf 85' lang='lat' dir='ltr'><strong>me</strong></span> <span class='ocrx_word' id='word_1_51' title='bbox 803 455 873 493; x_wconf 92' lang='lat' dir='ltr'><strong>tibi</strong></span> <span class='ocrx_word' id='word_1_52' title='bbox 891 469 1027 506; x_wconf 82' lang='lat' dir='ltr'><strong>purgo,</strong></span> <span class='ocrx_word' id='word_1_53' title='bbox 1041 467 1129 493; x_wconf 85' lang='lat' dir='ltr'><strong>cum</strong></span> <span class='ocrx_word' id='word_1_54' title='bbox 1147 452 1205 491; x_wconf 85' lang='lat' dir='ltr'><strong>tui</strong></span> <span class='ocrx_word' id='word_1_55' title='bbox 1223 453 1272 492; x_wconf 86' lang='lat' dir='ltr'><strong>ad</strong></span> <span class='ocrx_word' id='word_1_56' title='bbox 1289 465 1353 492; x_wconf 91' lang='lat' dir='ltr'><strong>me</strong></span> 
     </span>
     <span class='ocr_line' id='line_1_8' title="bbox 243 485 1285 560; baseline -0.001 -15"><span class='ocrx_word' id='word_1_57' title='bbox 243 507 376 545; x_wconf 85' lang='lat' dir='ltr'><strong>inanes</strong></span> <span class='ocrx_word' id='word_1_58' title='bbox 393 507 573 552; x_wconf 86' lang='lat' dir='ltr'><strong>veniant;</strong></span> <span class='ocrx_word' id='word_1_59' title='bbox 603 485 681 546; x_wconf 65' lang='lat' dir='ltr'><strong>ade&gt;</strong></span> <span class='ocrx_word' id='word_1_60' title='bbox 670 517 707 546; x_wconf 91' lang='lat' dir='ltr'><strong>te</strong></span> <span class='ocrx_word' id='word_1_61' title='bbox 724 521 812 547; x_wconf 84' lang='lat' dir='ltr'><strong>cum</strong></span> <span class='ocrx_word' id='word_1_62' title='bbox 832 509 999 560; x_wconf 90' lang='lat' dir='ltr'><strong>epistolis</strong></span> <span class='ocrx_word' id='word_1_63' title='bbox 1017 507 1285 546; x_wconf 76' lang='lat' dir='ltr'><strong>revertantur?</strong></span> 
     </span>
    </p>

    <p class='ocr_par' dir='ltr' id='par_1_3' title="bbox 238 560 1353 1039">
     <span class='ocr_line' id='line_1_9' title="bbox 295 560 1351 613; baseline 0 -15"><span class='ocrx_word' id='word_1_64' title='bbox 295 561 380 599; x_wconf 90' lang='lat' dir='ltr'><strong>Nos</strong></span> <span class='ocrx_word' id='word_1_65' title='bbox 397 560 462 599; x_wconf 83' lang='lat' dir='ltr'><strong>hie</strong></span> <span class='ocrx_word' id='word_1_66' title='bbox 481 564 625 603; x_wconf 87' lang='lat' dir='ltr'><strong>(tamen</strong></span> <span class='ocrx_word' id='word_1_67' title='bbox 644 561 692 599; x_wconf 88' lang='lat' dir='ltr'><strong>ad</strong></span> <span class='ocrx_word' id='word_1_68' title='bbox 711 569 748 600; x_wconf 90' lang='lat' dir='ltr'><strong>te</strong></span> <span class='ocrx_word' id='word_1_69' title='bbox 766 562 926 600; x_wconf 84' lang='lat' dir='ltr'><strong>scribam</strong></span> <span class='ocrx_word' id='word_1_70' title='bbox 946 562 996 600; x_wconf 89' lang='lat' dir='ltr'><strong>ali</strong></span> <span class='ocrx_word' id='word_1_71' title='bbox 997 562 1107 613; x_wconf 87' lang='lat' dir='ltr'><strong>quid)</strong></span> <span class='ocrx_word' id='word_1_72' title='bbox 1127 561 1179 598; x_wconf 89' lang='lat' dir='ltr'><strong>D.</strong></span> <span class='ocrx_word' id='word_1_73' title='bbox 1201 561 1351 599; x_wconf 85' lang='lat' dir='ltr'><strong>Sullam</strong></span> 
     </span>
     <span class='ocr_line' id='line_1_10' title="bbox 241 614 1351 666; baseline 0 -14"><span class='ocrx_word' id='word_1_74' title='bbox 241 622 390 666; x_wconf 87' lang='lat' dir='ltr'><strong>patrem</strong></span> <span class='ocrx_word' id='word_1_75' title='bbox 409 622 605 652; x_wconf 88' lang='lat' dir='ltr'><strong>mortuum</strong></span> <span class='ocrx_word' id='word_1_76' title='bbox 623 615 858 653; x_wconf 85' lang='lat' dir='ltr'><strong>habebamus</strong></span> <span class='ocrx_word' id='word_1_77' title='bbox 876 630 886 653; x_wconf 74' lang='grc' dir='ltr'><em>ε</em></span> <span class='ocrx_word' id='word_1_78' title='bbox 917 616 982 653; x_wconf 90' lang='grc'>3111</span> <span class='ocrx_word' id='word_1_79' title='bbox 1001 629 1023 653; x_wconf 82' lang='grc'>3</span> <span class='ocrx_word' id='word_1_80' title='bbox 1046 614 1270 660; x_wconf 86' lang='lat' dir='ltr'><strong>latronibus,</strong></span> <span class='ocrx_word' id='word_1_81' title='bbox 1286 614 1351 652; x_wconf 86' lang='lat' dir='ltr'><strong>alii</strong></span> 
     </span>
     <span class='ocr_line' id='line_1_11' title="bbox 243 668 1350 719; baseline 0.001 -14"><span class='ocrx_word' id='word_1_82' title='bbox 243 668 441 715; x_wconf 84' lang='lat' dir='ltr'><strong>cruditate,</strong></span> <span class='ocrx_word' id='word_1_83' title='bbox 462 668 647 706; x_wconf 86' lang='lat' dir='ltr'><strong>dicebant.</strong></span> <span class='ocrx_word' id='word_1_84' title='bbox 678 669 851 719; x_wconf 91' lang='lat' dir='ltr'><strong>Populus</strong></span> <span class='ocrx_word' id='word_1_85' title='bbox 869 681 946 707; x_wconf 91' lang='lat' dir='ltr'><strong>non</strong></span> <span class='ocrx_word' id='word_1_86' title='bbox 965 670 1142 707; x_wconf 85' lang='lat' dir='ltr'><strong>curabat:</strong></span> <span class='ocrx_word' id='word_1_87' title='bbox 1173 670 1350 707; x_wconf 89' lang='lat' dir='ltr'><strong>combus-</strong></span> 
     </span>
     <span class='ocr_line' id='line_1_12' title="bbox 241 721 1351 773; baseline 0 -14"><span class='ocrx_word' id='word_1_88' title='bbox 241 729 327 759; x_wconf 91' lang='lat' dir='ltr'><strong>tum</strong></span> <span class='ocrx_word' id='word_1_89' title='bbox 346 721 448 759; x_wconf 82' lang='lat' dir='ltr'><strong>enim</strong></span> <span class='ocrx_word' id='word_1_90' title='bbox 468 734 545 759; x_wconf 89' lang='lat' dir='ltr'><strong>esse</strong></span> <span class='ocrx_word' id='word_1_91' title='bbox 564 723 768 759; x_wconf 80' lang='lat' dir='ltr'><strong>constabat.</strong></span> <span class='ocrx_word' id='word_1_92' title='bbox 799 722 886 760; x_wconf 88' lang='lat' dir='ltr'><strong>Hoc</strong></span> <span class='ocrx_word' id='word_1_93' title='bbox 905 730 962 769; x_wconf 81' lang='lat' dir='ltr'><strong>tu,</strong></span> <span class='ocrx_word' id='word_1_94' title='bbox 982 735 1052 773; x_wconf 91' lang='lat' dir='ltr'><strong>pro</strong></span> <span class='ocrx_word' id='word_1_95' title='bbox 1066 721 1250 773; x_wconf 60' lang='lat' dir='ltr'><strong>sapientia</strong></span> <span class='ocrx_word' id='word_1_96' title='bbox 1268 721 1351 769; x_wconf 67' lang='lat' dir='ltr'><strong>tua,</strong></span> 
     </span>
     <span class='ocr_line' id='line_1_13' title="bbox 241 775 1353 826; baseline -0.002 -14"><span class='ocrx_word' id='word_1_97' title='bbox 241 775 338 813; x_wconf 88' lang='lat' dir='ltr'><strong>feres</strong></span> <span class='ocrx_word' id='word_1_98' title='bbox 374 787 483 825; x_wconf 85' lang='lat' dir='ltr'><strong>aequo</strong></span> <span class='ocrx_word' id='word_1_99' title='bbox 519 775 674 812; x_wconf 83' lang='lat' dir='ltr'><strong>animo:</strong></span> <span class='ocrx_word' id='word_1_100' title='bbox 717 787 953 826; x_wconf 88' lang='lat' dir='ltr'><strong>quamquam</strong></span> <span class='ocrx_word' id='word_1_101' title='bbox 990 788 1178 824; x_wconf 77' lang='grc' dir='ltr'>προσ-ωπον</span> <span class='ocrx_word' id='word_1_102' title='bbox 1210 781 1353 817; x_wconf 81' lang='grc' dir='ltr'>πολεως</span> 
     </span>
     <span class='ocr_line' id='line_1_14' title="bbox 239 827 1351 878; baseline 0.001 -13"><span class='ocrx_word' id='word_1_103' title='bbox 239 828 447 866; x_wconf 83' lang='grc'>3111151111115.</span> <span class='ocrx_word' id='word_1_104' title='bbox 476 828 664 866; x_wconf 86' lang='lat' dir='ltr'><strong>Caesarem</strong></span> <span class='ocrx_word' id='word_1_105' title='bbox 683 830 870 878; x_wconf 90' lang='lat' dir='ltr'><strong>putabant</strong></span> <span class='ocrx_word' id='word_1_106' title='bbox 894 829 1051 867; x_wconf 87' lang='lat' dir='ltr'><strong>moleste</strong></span> <span class='ocrx_word' id='word_1_107' title='bbox 1073 827 1258 875; x_wconf 83' lang='lat' dir='ltr'><strong>laturum,</strong></span> <span class='ocrx_word' id='word_1_108' title='bbox 1287 840 1351 866; x_wconf 89' lang='lat' dir='ltr'><strong>ve·-</strong></span> 
     </span>
     <span class='ocr_line' id='line_1_15' title="bbox 238 881 1351 928; baseline 0 -9"><span class='ocrx_word' id='word_1_109' title='bbox 238 889 399 928; x_wconf 81' lang='lat' dir='ltr'><strong>rentem‚</strong></span> <span class='ocrx_word' id='word_1_110' title='bbox 427 893 475 919; x_wconf 92' lang='lat' dir='ltr'><strong>ne</strong></span> <span class='ocrx_word' id='word_1_111' title='bbox 495 881 605 919; x_wconf 84' lang='lat' dir='ltr'><strong>hasta</strong></span> <span class='ocrx_word' id='word_1_112' title='bbox 632 882 847 920; x_wconf 66' lang='lat' dir='ltr'><strong>refriusset.</strong></span> <span class='ocrx_word' id='word_1_113' title='bbox 883 882 1060 920; x_wconf 85' lang='lat' dir='ltr'><strong>Mindius</strong></span> <span class='ocrx_word' id='word_1_114' title='bbox 1078 881 1288 919; x_wconf 86' lang='lat' dir='ltr'><strong>Marcellus</strong></span> <span class='ocrx_word' id='word_1_115' title='bbox 1313 888 1351 919; x_wconf 88' lang='lat' dir='ltr'><strong>et</strong></span> 
     </span>
     <span class='ocr_line' id='line_1_16' title="bbox 239 934 1352 987; baseline 0.001 -15"><span class='ocrx_word' id='word_1_116' title='bbox 239 935 374 973; x_wconf 84' lang='lat' dir='ltr'><strong>Attius</strong></span> <span class='ocrx_word' id='word_1_117' title='bbox 391 935 665 985; x_wconf 85' lang='lat' dir='ltr'><strong>pigmentarius</strong></span> <span class='ocrx_word' id='word_1_118' title='bbox 691 935 800 974; x_wconf 84' lang='lat' dir='ltr'><strong>valde</strong></span> <span class='ocrx_word' id='word_1_119' title='bbox 827 936 1059 987; x_wconf 85' lang='lat' dir='ltr'><strong>gaudebant,</strong></span> <span class='ocrx_word' id='word_1_120' title='bbox 1087 947 1125 973; x_wconf 89' lang='lat' dir='ltr'><strong>se</strong></span> <span class='ocrx_word' id='word_1_121' title='bbox 1149 934 1352 973; x_wconf 80' lang='lat' dir='ltr'><strong>adversari-</strong></span> 
     </span>
     <span class='ocr_line' id='line_1_17' title="bbox 239 988 542 1039; baseline 0 -13"><span class='ocrx_word' id='word_1_122' title='bbox 239 1001 307 1026; x_wconf 88' lang='lat' dir='ltr'><strong>um</strong></span> <span class='ocrx_word' id='word_1_123' title='bbox 325 988 542 1039; x_wconf 75' lang='lat' dir='ltr'><strong>perdidisse.</strong></span> 
     </span>
    </p>

    <p class='ocr_par' dir='ltr' id='par_1_4' title="bbox 237 1040 1352 1465">
     <span class='ocr_line' id='line_1_18' title="bbox 291 1040 1352 1093; baseline 0 -14"><span class='ocrx_word' id='word_1_124' title='bbox 291 1041 355 1080; x_wconf 90' lang='lat' dir='ltr'><strong>De</strong></span> <span class='ocrx_word' id='word_1_125' title='bbox 387 1041 579 1092; x_wconf 83' lang='lat' dir='ltr'><strong>Hispania</strong></span> <span class='ocrx_word' id='word_1_126' title='bbox 609 1041 698 1079; x_wconf 87' lang='lat' dir='ltr'><strong>novi</strong></span> <span class='ocrx_word' id='word_1_127' title='bbox 727 1041 849 1079; x_wconf 87' lang='lat' dir='ltr'><strong>nihil·</strong></span> <span class='ocrx_word' id='word_1_128' title='bbox 837 1071 849 1087; x_wconf 88' lang='lat'><strong>‚</strong></span> <span class='ocrx_word' id='word_1_129' title='bbox 888 1041 954 1080; x_wconf 88' lang='lat' dir='ltr'><strong>sed</strong></span> <span class='ocrx_word' id='word_1_130' title='bbox 982 1041 1210 1093; x_wconf 77' lang='lat' dir='ltr'><strong>exspectatio</strong></span> <span class='ocrx_word' id='word_1_131' title='bbox 1241 1040 1352 1079; x_wconf 84' lang='lat' dir='ltr'><strong>valde</strong></span> 
     </span>
     <span class='ocr_line' id='line_1_19' title="bbox 238 1095 1351 1146; baseline -0.002 -12"><span class='ocrx_word' id='word_1_132' title='bbox 238 1108 401 1146; x_wconf 85' lang='lat' dir='ltr'><strong>magna:</strong></span> <span class='ocrx_word' id='word_1_133' title='bbox 447 1108 619 1133; x_wconf 89' lang='lat' dir='ltr'><strong>rumores</strong></span> <span class='ocrx_word' id='word_1_134' title='bbox 650 1095 841 1142; x_wconf 81' lang='lat' dir='ltr'><strong>tristiores,</strong></span> <span class='ocrx_word' id='word_1_135' title='bbox 876 1095 941 1133; x_wconf 89' lang='lat' dir='ltr'><strong>sed</strong></span> <span class='ocrx_word' id='word_1_136' title='bbox 978 1095 1184 1132; x_wconf 78' lang='grc' dir='ltr'>αδεσποτοι.</span> <span class='ocrx_word' id='word_1_137' title='bbox 1223 1095 1351 1132; x_wconf 87' lang='lat' dir='ltr'><strong>Pansa</strong></span> 
     </span>
     <span class='ocr_line' id='line_1_20' title="bbox 240 1147 1349 1199; baseline -0.001 -12"><span class='ocrx_word' id='word_1_138' title='bbox 240 1156 366 1187; x_wconf 87' lang='lat' dir='ltr'><strong>noster</strong></span> <span class='ocrx_word' id='word_1_139' title='bbox 394 1148 597 1199; x_wconf 87' lang='lat' dir='ltr'><strong>paludatus</strong></span> <span class='ocrx_word' id='word_1_140' title='bbox 625 1162 658 1186; x_wconf 89' lang='lat' dir='ltr'><strong>a.</strong></span> <span class='ocrx_word' id='word_1_141' title='bbox 687 1148 725 1187; x_wconf 91' lang='lat' dir='ltr'><strong>d.</strong></span> <span class='ocrx_word' id='word_1_142' title='bbox 757 1148 828 1186; x_wconf 90' lang='lat' dir='ltr'><strong>III</strong></span> <span class='ocrx_word' id='word_1_143' title='bbox 859 1147 1015 1186; x_wconf 89' lang='lat' dir='ltr'><strong>Calend.</strong></span> <span class='ocrx_word' id='word_1_144' title='bbox 1044 1148 1135 1186; x_wconf 87' lang='lat' dir='ltr'><strong>Jan.</strong></span> <span class='ocrx_word' id='word_1_145' title='bbox 1159 1148 1349 1198; x_wconf 81' lang='lat' dir='ltr'><strong>profectus</strong></span> 
     </span>
     <span class='ocr_line' id='line_1_21' title="bbox 240 1201 1352 1253; baseline -0.003 -12"><span class='ocrx_word' id='word_1_146' title='bbox 240 1210 321 1247; x_wconf 81' lang='lat' dir='ltr'><strong>est,</strong></span> <span class='ocrx_word' id='word_1_147' title='bbox 311 1216 321 1226; x_wconf 86' lang='lat'><strong>·</strong></span> <span class='ocrx_word' id='word_1_148' title='bbox 351 1209 396 1239; x_wconf 90' lang='lat' dir='ltr'><strong>ut</strong></span> <span class='ocrx_word' id='word_1_149' title='bbox 424 1201 547 1252; x_wconf 90' lang='lat' dir='ltr'><strong>quivis</strong></span> <span class='ocrx_word' id='word_1_150' title='bbox 569 1201 777 1253; x_wconf 79' lang='lat' dir='ltr'><strong>intelligere</strong></span> <span class='ocrx_word' id='word_1_151' title='bbox 802 1209 928 1253; x_wconf 85' lang='lat' dir='ltr'><strong>posset</strong></span> <span class='ocrx_word' id='word_1_152' title='bbox 953 1201 1007 1248; x_wconf 89' lang='lat' dir='ltr'><strong>id,</strong></span> <span class='ocrx_word' id='word_1_153' title='bbox 1028 1201 1131 1252; x_wconf 91' lang='lat' dir='ltr'><strong>quod</strong></span> <span class='ocrx_word' id='word_1_154' title='bbox 1159 1208 1201 1238; x_wconf 91' lang='lat' dir='ltr'><strong>tu</strong></span> <span class='ocrx_word' id='word_1_155' title='bbox 1229 1213 1352 1252; x_wconf 82' lang='lat' dir='ltr'><strong>nuper</strong></span> 
     </span>
     <span class='ocr_line' id='line_1_22' title="bbox 238 1254 1349 1305; baseline -0.002 -11"><span class='ocrx_word' id='word_1_156' title='bbox 238 1256 413 1294; x_wconf 62' lang='lat' dir='ltr'><strong>dubitare</strong></span> <span class='ocrx_word' id='word_1_157' title='bbox 432 1254 586 1305; x_wconf 79' lang='lat' dir='ltr'><strong>coepisti,</strong></span> <span class='ocrx_word' id='word_1_158' title='bbox 608 1270 648 1292; x_wconf 91' lang='grc' dir='ltr'><strong>το</strong></span> <span class='ocrx_word' id='word_1_159' title='bbox 663 1262 771 1291; x_wconf 69' lang='grc' dir='ltr'>καλου</span> <span class='ocrx_word' id='word_1_160' title='bbox 787 1254 827 1291; x_wconf 86' lang='grc' dir='ltr'><strong>δι’</strong></span> <span class='ocrx_word' id='word_1_161' title='bbox 846 1256 929 1291; x_wconf 80' lang='grc' dir='ltr'><strong>αὐτο</strong></span> <span class='ocrx_word' id='word_1_162' title='bbox 946 1270 980 1290; x_wconf 93' lang='grc' dir='ltr'><strong>α</strong></span> <span class='ocrx_word' id='word_1_163' title='bbox 972 1257 1081 1304; x_wconf 71' lang='grc' dir='ltr'><strong><em>ἶρετον</em></strong></span> <span class='ocrx_word' id='word_1_164' title='bbox 1096 1267 1190 1292; x_wconf 88' lang='lat' dir='ltr'><strong>esse.</strong></span> <span class='ocrx_word' id='word_1_165' title='bbox 1226 1254 1349 1302; x_wconf 84' lang='lat' dir='ltr'><strong>Nam,</strong></span> 
     </span>
     <span class='ocr_line' id='line_1_23' title="bbox 239 1307 1349 1361; baseline 0 -15"><span class='ocrx_word' id='word_1_166' title='bbox 239 1309 344 1361; x_wconf 91' lang='lat' dir='ltr'><strong>quod</strong></span> <span class='ocrx_word' id='word_1_167' title='bbox 360 1308 503 1346; x_wconf 83' lang='lat' dir='ltr'><strong>multos</strong></span> <span class='ocrx_word' id='word_1_168' title='bbox 522 1308 678 1346; x_wconf 80' lang='lat' dir='ltr'><strong>miseriis</strong></span> <span class='ocrx_word' id='word_1_169' title='bbox 696 1308 848 1356; x_wconf 71' lang='lat' dir='ltr'><strong>levavit,</strong></span> <span class='ocrx_word' id='word_1_170' title='bbox 868 1315 905 1346; x_wconf 88' lang='lat' dir='ltr'><strong>et</strong></span> <span class='ocrx_word' id='word_1_171' title='bbox 921 1307 1027 1359; x_wconf 88' lang='lat' dir='ltr'><strong>quod</strong></span> <span class='ocrx_word' id='word_1_172' title='bbox 1045 1320 1084 1345; x_wconf 88' lang='lat' dir='ltr'><strong>se</strong></span> <span class='ocrx_word' id='word_1_173' title='bbox 1101 1307 1141 1345; x_wconf 92' lang='lat' dir='ltr'><strong>in</strong></span> <span class='ocrx_word' id='word_1_174' title='bbox 1159 1307 1218 1345; x_wconf 91' lang='lat' dir='ltr'><strong>his</strong></span> <span class='ocrx_word' id='word_1_175' title='bbox 1237 1307 1349 1346; x_wconf 82' lang='lat' dir='ltr'><strong>malis</strong></span> 
     </span>
     <span class='ocr_line' id='line_1_24' title="bbox 238 1360 1348 1412; baseline -0.003 -11"><span class='ocrx_word' id='word_1_176' title='bbox 238 1362 434 1401; x_wconf 86' lang='lat' dir='ltr'><strong>hominem</strong></span> <span class='ocrx_word' id='word_1_177' title='bbox 459 1361 635 1412; x_wconf 64' lang='lat' dir='ltr'><strong>praebuit,</strong></span> <span class='ocrx_word' id='word_1_178' title='bbox 662 1361 846 1400; x_wconf 88' lang='lat' dir='ltr'><strong>mirabilis</strong></span> <span class='ocrx_word' id='word_1_179' title='bbox 865 1374 955 1400; x_wconf 89' lang='lat' dir='ltr'><strong>eum</strong></span> <span class='ocrx_word' id='word_1_180' title='bbox 974 1360 1143 1399; x_wconf 77' lang='lat' dir='ltr'><strong>virorum</strong></span> <span class='ocrx_word' id='word_1_181' title='bbox 1159 1363 1348 1400; x_wconf 86' lang='lat' dir='ltr'><strong>bonorum</strong></span> 
     </span>
     <span class='ocr_line' id='line_1_25' title="bbox 237 1415 795 1465; baseline -0.004 -10"><span class='ocrx_word' id='word_1_182' title='bbox 237 1415 498 1455; x_wconf 88' lang='lat' dir='ltr'><strong>benevolentia</strong></span> <span class='ocrx_word' id='word_1_183' title='bbox 515 1422 710 1465; x_wconf 83' lang='lat' dir='ltr'><strong>prosecuta</strong></span> <span class='ocrx_word' id='word_1_184' title='bbox 729 1423 795 1453; x_wconf 89' lang='lat' dir='ltr'><strong>est.</strong></span> 
     </span>
    </p>

    <p class='ocr_par' dir='ltr' id='par_1_5' title="bbox 235 1468 1350 1840">
     <span class='ocr_line' id='line_1_26' title="bbox 292 1468 1347 1520; baseline -0.001 -13"><span class='ocrx_word' id='word_1_185' title='bbox 292 1470 358 1507; x_wconf 91' lang='lat' dir='ltr'><strong>Tu</strong></span> <span class='ocrx_word' id='word_1_186' title='bbox 377 1469 481 1520; x_wconf 90' lang='lat' dir='ltr'><strong>quod</strong></span> <span class='ocrx_word' id='word_1_187' title='bbox 498 1468 623 1506; x_wconf 82' lang='lat' dir='ltr'><strong>adhuc</strong></span> <span class='ocrx_word' id='word_1_188' title='bbox 639 1468 837 1507; x_wconf 86' lang='lat' dir='ltr'><strong>Brundisii</strong></span> <span class='ocrx_word' id='word_1_189' title='bbox 862 1475 1030 1506; x_wconf 77' lang='lat' dir='ltr'><strong>moratus</strong></span> <span class='ocrx_word' id='word_1_190' title='bbox 1057 1480 1108 1511; x_wconf 81' lang='lat' dir='ltr'><strong>eS.</strong></span> <span class='ocrx_word' id='word_1_191' title='bbox 1131 1468 1240 1506; x_wconf 84' lang='lat' dir='ltr'><strong>valde</strong></span> <span class='ocrx_word' id='word_1_192' title='bbox 1257 1479 1347 1519; x_wconf 77' lang='lat' dir='ltr'><strong>pro-</strong></span> 
     </span>
     <span class='ocr_line' id='line_1_27' title="bbox 236 1521 1350 1573; baseline -0.003 -11"><span class='ocrx_word' id='word_1_193' title='bbox 236 1526 301 1570; x_wconf 80' lang='lat' dir='ltr'><strong>bo,</strong></span> <span class='ocrx_word' id='word_1_194' title='bbox 314 1530 352 1561; x_wconf 88' lang='lat' dir='ltr'><strong>et</strong></span> <span class='ocrx_word' id='word_1_195' title='bbox 365 1523 530 1573; x_wconf 89' lang='lat' dir='ltr'><strong>gaudeo:</strong></span> <span class='ocrx_word' id='word_1_196' title='bbox 552 1529 590 1559; x_wconf 89' lang='lat' dir='ltr'><strong>et</strong></span> <span class='ocrx_word' id='word_1_197' title='bbox 605 1521 853 1569; x_wconf 89' lang='lat' dir='ltr'><strong>(mehercule)</strong></span> <span class='ocrx_word' id='word_1_198' title='bbox 867 1528 962 1573; x_wconf 86' lang='lat' dir='ltr'><strong>puto</strong></span> <span class='ocrx_word' id='word_1_199' title='bbox 973 1528 1011 1559; x_wconf 91' lang='lat' dir='ltr'><strong>te</strong></span> <span class='ocrx_word' id='word_1_200' title='bbox 1022 1521 1209 1572; x_wconf 76' lang='lat' dir='ltr'><strong>sapienter</strong></span> <span class='ocrx_word' id='word_1_201' title='bbox 1226 1521 1350 1560; x_wconf 87' lang='lat' dir='ltr'><strong>factu-</strong></span> 
     </span>
     <span class='ocr_line' id='line_1_28' title="bbox 236 1575 1349 1626; baseline 0 -13"><span class='ocrx_word' id='word_1_202' title='bbox 236 1590 339 1623; x_wconf 78' lang='lat' dir='ltr'><strong>rum,</strong></span> <span class='ocrx_word' id='word_1_203' title='bbox 370 1576 401 1613; x_wconf 88' lang='lat' dir='ltr'><strong>si</strong></span> <span class='ocrx_word' id='word_1_204' title='bbox 431 1575 681 1617; x_wconf 60' lang='lat' dir='ltr'><strong>mmm-305</strong></span> <span class='ocrx_word' id='word_1_205' title='bbox 705 1575 833 1613; x_wconf 85' lang='lat' dir='ltr'><strong>fueris.</strong></span> <span class='ocrx_word' id='word_1_206' title='bbox 867 1575 991 1613; x_wconf 89' lang='lat' dir='ltr'><strong>Nobis</strong></span> <span class='ocrx_word' id='word_1_207' title='bbox 1016 1575 1186 1625; x_wconf 89' lang='lat' dir='ltr'><strong>quidem,</strong></span> <span class='ocrx_word' id='word_1_208' title='bbox 1216 1575 1284 1626; x_wconf 91' lang='lat' dir='ltr'><strong>qui</strong></span> <span class='ocrx_word' id='word_1_209' title='bbox 1311 1581 1349 1613; x_wconf 80' lang='lat' dir='ltr'><strong>te</strong></span> 
     </span>
     <span class='ocr_line' id='line_1_29' title="bbox 237 1626 1349 1678; baseline -0.003 -9"><span class='ocrx_word' id='word_1_210' title='bbox 237 1643 426 1677; x_wconf 84' lang='lat' dir='ltr'><strong>amamus,</strong></span> <span class='ocrx_word' id='word_1_211' title='bbox 457 1628 527 1666; x_wconf 91' lang='lat' dir='ltr'><strong>erit</strong></span> <span class='ocrx_word' id='word_1_212' title='bbox 559 1636 721 1678; x_wconf 85' lang='lat' dir='ltr'><strong>gratum.</strong></span> <span class='ocrx_word' id='word_1_213' title='bbox 751 1629 806 1667; x_wconf 88' lang='lat' dir='ltr'><strong>Et</strong></span> <span class='ocrx_word' id='word_1_214' title='bbox 836 1630 988 1671; x_wconf 88' lang='lat' dir='ltr'><strong>(amabo</strong></span> <span class='ocrx_word' id='word_1_215' title='bbox 1017 1626 1089 1677; x_wconf 76' lang='lat' dir='ltr'><strong>te),</strong></span> <span class='ocrx_word' id='word_1_216' title='bbox 1121 1641 1210 1666; x_wconf 91' lang='lat' dir='ltr'><strong>cum</strong></span> <span class='ocrx_word' id='word_1_217' title='bbox 1242 1627 1349 1666; x_wconf 87' lang='lat' dir='ltr'><strong>dabis</strong></span> 
     </span>
     <span class='ocr_line' id='line_1_30' title="bbox 235 1681 1346 1735; baseline -0.004 -13"><span class='ocrx_word' id='word_1_218' title='bbox 235 1684 391 1735; x_wconf 86' lang='lat' dir='ltr'><strong>posthac</strong></span> <span class='ocrx_word' id='word_1_219' title='bbox 417 1681 564 1732; x_wconf 85' lang='lat' dir='ltr'><strong>aliquid</strong></span> <span class='ocrx_word' id='word_1_220' title='bbox 588 1681 747 1720; x_wconf 88' lang='lat' dir='ltr'><strong>domum</strong></span> <span class='ocrx_word' id='word_1_221' title='bbox 775 1682 985 1728; x_wconf 81' lang='lat' dir='ltr'><strong>literarum,</strong></span> <span class='ocrx_word' id='word_1_222' title='bbox 1011 1681 1088 1719; x_wconf 90' lang='lat' dir='ltr'><strong>mei</strong></span> <span class='ocrx_word' id='word_1_223' title='bbox 1116 1681 1346 1719; x_wconf 80' lang='lat' dir='ltr'><strong>memineris.</strong></span> 
     </span>
     <span class='ocr_line' id='line_1_31' title="bbox 235 1734 1348 1788; baseline -0.002 -13"><span class='ocrx_word' id='word_1_224' title='bbox 235 1738 322 1788; x_wconf 87' lang='lat' dir='ltr'><strong>Ego</strong></span> <span class='ocrx_word' id='word_1_225' title='bbox 352 1748 552 1786; x_wconf 84' lang='lat' dir='ltr'><strong>nunquam</strong></span> <span class='ocrx_word' id='word_1_226' title='bbox 584 1747 818 1787; x_wconf 84' lang='lat' dir='ltr'><strong>quemquam</strong></span> <span class='ocrx_word' id='word_1_227' title='bbox 842 1735 892 1773; x_wconf 85' lang='lat' dir='ltr'><strong>ad</strong></span> <span class='ocrx_word' id='word_1_228' title='bbox 920 1742 972 1783; x_wconf 87' lang='lat' dir='ltr'><strong>te,</strong></span> <span class='ocrx_word' id='word_1_229' title='bbox 997 1747 1086 1773; x_wconf 88' lang='lat' dir='ltr'><strong>cum</strong></span> <span class='ocrx_word' id='word_1_230' title='bbox 1113 1735 1242 1785; x_wconf 85' lang='lat' dir='ltr'><strong>sciam,</strong></span> <span class='ocrx_word' id='word_1_231' title='bbox 1267 1734 1348 1773; x_wconf 89' lang='lat' dir='ltr'><strong>sine</strong></span> 
     </span>
     <span class='ocr_line' id='line_1_32' title="bbox 236 1788 818 1840; baseline 0 -12"><span class='ocrx_word' id='word_1_232' title='bbox 236 1791 330 1829; x_wconf 84' lang='lat' dir='ltr'><strong>meis</strong></span> <span class='ocrx_word' id='word_1_233' title='bbox 347 1789 491 1828; x_wconf 84' lang='lat' dir='ltr'><strong>literis</strong></span> <span class='ocrx_word' id='word_1_234' title='bbox 481 1801 535 1827; x_wconf 75' lang='lat' dir='ltr'><strong>tre</strong></span> <span class='ocrx_word' id='word_1_235' title='bbox 545 1788 679 1840; x_wconf 88' lang='lat' dir='ltr'><strong>patiar.</strong></span> <span class='ocrx_word' id='word_1_236' title='bbox 708 1789 818 1829; x_wconf 82' lang='lat' dir='ltr'><strong>Vale.</strong></span> 
     </span>
    </p>
   </div>
   <div class='ocr_carea' id='block_1_3' title="bbox 363 1947 1213 2000">
    <p class='ocr_par' dir='ltr' id='par_1_6' title="bbox 363 1947 1213 2000">
     <span class='ocr_line' id='line_1_33' title="bbox 363 1947 1213 2000; baseline -0.001 -12"><span class='ocrx_word' id='word_1_237' title='bbox 363 1949 569 2000; x_wconf 86' lang='grc' dir='ltr'>(18.)Μ.</span> <span class='ocrx_word' id='word_1_238' title='bbox 589 1949 640 1988; x_wconf 90' lang='grc' dir='ltr'><strong>Τ.</strong></span> <span class='ocrx_word' id='word_1_239' title='bbox 661 1949 707 1989; x_wconf 90' lang='lat' dir='ltr'><strong>C.</strong></span> <span class='ocrx_word' id='word_1_240' title='bbox 745 1949 791 1989; x_wconf 87' lang='lat' dir='ltr'><strong>C.</strong></span> <span class='ocrx_word' id='word_1_241' title='bbox 812 1948 1074 1990; x_wconf 87' lang='lat' dir='ltr'><strong>CASSIOS.</strong></span> <span class='ocrx_word' id='word_1_242' title='bbox 1094 1948 1141 1987; x_wconf 87' lang='lat' dir='ltr'><strong>P.</strong></span> <span class='ocrx_word' id='word_1_243' title='bbox 1159 1947 1213 1987; x_wconf 90' lang='lat' dir='ltr'><strong>D.</strong></span> 
     </span>
    </p>
   </div>
   <div class='ocr_carea' id='block_1_4' title="bbox 232 2056 1347 2216">
    <p class='ocr_par' dir='ltr' id='par_1_7' title="bbox 232 2056 1339 2211">
     <span class='ocr_line' id='line_1_34' title="bbox 290 2056 1339 2109; baseline -0.003 -13"><span class='ocrx_word' id='word_1_244' title='bbox 290 2059 610 2109; x_wconf 81' lang='lat' dir='ltr'><strong>(Argumentum.</strong></span> <span class='ocrx_word' id='word_1_245' title='bbox 624 2057 876 2109; x_wconf 82' lang='lat' dir='ltr'><strong>-Epistolae</strong></span> <span class='ocrx_word' id='word_1_246' title='bbox 903 2056 1126 2095; x_wconf 89' lang='lat' dir='ltr'><strong>brevitatem</strong></span> <span class='ocrx_word' id='word_1_247' title='bbox 1158 2064 1339 2095; x_wconf 82' lang='lat' dir='ltr'><strong>excusat.</strong></span> 
     </span>
     <span class='ocr_line' id='line_1_35' title="bbox 232 2109 1347 2161; baseline -0.002 -10"><span class='ocrx_word' id='word_1_248' title='bbox 232 2112 421 2151; x_wconf 82' lang='lat' dir='ltr'><strong>tristitiam</strong></span> <span class='ocrx_word' id='word_1_249' title='bbox 440 2118 656 2161; x_wconf 90' lang='lat' dir='ltr'><strong>temporum</strong></span> <span class='ocrx_word' id='word_1_250' title='bbox 680 2119 858 2158; x_wconf 84' lang='lat' dir='ltr'><strong>accusat,</strong></span> <span class='ocrx_word' id='word_1_251' title='bbox 888 2110 984 2149; x_wconf 83' lang='lat' dir='ltr'><strong>nihil</strong></span> <span class='ocrx_word' id='word_1_252' title='bbox 1015 2123 1063 2149; x_wconf 82' lang='lat' dir='ltr'><strong>ex</strong></span> <span class='ocrx_word' id='word_1_253' title='bbox 1082 2109 1273 2161; x_wconf 81' lang='lat' dir='ltr'><strong>Hispania</strong></span> <span class='ocrx_word' id='word_1_254' title='bbox 1290 2109 1347 2148; x_wconf 80' lang='lat' dir='ltr'><strong>af-</strong></span> 
     </span>
     <span class='ocr_line' id='line_1_36' title="bbox 234 2164 556 2216; baseline -0.012 -11"><span class='ocrx_word' id='word_1_255' title='bbox 234 2166 322 2205; x_wconf 83' lang='lat' dir='ltr'><strong>ferri</strong></span> <span class='ocrx_word' id='word_1_256' title='bbox 342 2164 536 2216; x_wconf 81' lang='lat' dir='ltr'><strong>significat.</strong></span> <span class='ocrx_word' id='word_1_257' title='bbox 543 2172 556 2211; x_wconf 91' lang='lat'><em>)</em></span> 
     </span>
    </p>
   </div>
  </div>
 </body>
</html>
