1513 2382
235 94 313 132 290
448 93 531 132 AD
551 93 833 132 ATTICUM.
864 93 961 130 1111<-
984 92 1035 131 V.
1055 94 1119 131 20.

231 199 326 248 dies,
347 200 469 238 Iconii
495 200 638 247 decem,
665 200 836 239 fecimus.
880 199 993 238 Nihil
1019 198 1063 238 εἴ),
1085 198 1344 248 jurisdictione

232 253 472 304 aequabilius,
492 254 590 292 nihil
606 254 744 302 lenius,
757 253 854 291 nihil
871 253 1036 304 gravius.

286 306 382 345 Inde
399 307 439 344 in
458 315 578 346 castra
606 308 692 345 veni
724 320 757 344 a.
788 307 826 344 (1.
858 307 945 346 VII
975 306 1057 344 Cal.
1089 307 1340 357 Septembres.

230 361 285 399 A.
305 361 342 398 d.
364 359 446 409 ΙΙΙ,
467 361 673 399 exercitum
692 360 850 398 lustravi
867 360 971 410 apud
986 359 1173 398 Iconium.
1201 359 1267 398 Ex
1280 359 1342 398 his

229 415 372 461 castris,
393 428 481 453 cum
499 427 631 465 graves
650 414 697 451 de
716 414 868 451 Parthis
885 413 1011 451 nuntii
1035 413 1236 461 venissent,
1256 425 1343 465 per-

227 468 310 505 rexi
327 469 368 506 in
387 468 561 506 Ciliciam
588 481 655 518 per
683 467 933 517 Cappadociae
960 474 1108 517 partem
1137 479 1221 504 eam
1253 480 1342 518 quae

228 521 405 560 Ciliciam
423 521 589 571 attingit,
610 533 653 558 eo
678 520 845 567 consilio,
865 527 910 558 ut
926 520 1137 559 Armenius
1154 520 1341 559 Artavas-

228 574 308 621 des,
330 582 367 613 et
383 574 457 626 ipsi
476 574 623 621 Parthi,
645 573 887 624 Cappadocia
913 586 952 611 se
978 573 1130 611 excludi
1146 581 1337 625 putarent.

228 627 331 666 Cum
350 628 428 666 dies
447 628 618 679 quinque
635 628 685 665 ad
705 627 881 677 Cybistra
904 626 1195 678 [Cappadociae]
1215 634 1337 666 castra

225 681 459 728 habuissem,
481 681 613 719 certior
631 693 716 719 sum
735 681 871 727 factus,
893 680 1054 718 Parthos
1072 681 1121 718 ab
1145 680 1212 718 illo
1230 680 1336 719 aditu

226 734 478 786 Cappadociae
495 735 608 785 longe
625 736 779 779 abesse3
810 734 954 772 Ciliciae
981 734 1104 784 magis
1121 733 1333 773 imminere.

223 789 364 839 Itaque
393 789 592 827 confestim
628 788 699 826 iter
730 788 770 826 in
803 787 977 827 Ciliciam
1007 787 1080 826 feci
1108 800 1176 838 per
1211 787 1334 826 Tauri

222 855 443 934 PyTarsum
457 895 543 933 veni
561 909 595 934 a.
613 895 651 933 d.
669 896 739 934 III
751 895 857 934 Non.
872 894 1010 934 Ocvob.
1039 894 1137 933 Inde
1147 894 1197 933 ad
1208 894 1335 934 Ama-

221 962 319 989 num
337 949 525 997 contendi,
546 949 613 1000 qui
632 949 783 1000 Syriam
801 962 825 988 a
843 949 979 988 Cilicia
995 961 1184 1000 aquarum
1207 948 1334 988 divor-

221 1005 274 1041 tio
293 1003 452 1048 dividjt3
483 1003 551 1054 qui
569 1015 678 1040 mons
697 1010 776 1040 erat
793 1002 961 1040 hostium
979 1003 1117 1053 plenus
1135 1002 1333 1053 sempiter-

218 1069 368 1098 norum.
398 1057 478 1096 Hic
492 1070 526 1094 a.
538 1057 575 1094 d.
591 1054 658 1093 III
671 1056 764 1094 Idus
778 1056 915 1095 Octob.
929 1068 1114 1107 magnum
1126 1067 1332 1094 numerum

218 1111 388 1150 hostium
415 1110 632 1148 occidimus.
673 1109 840 1148 Castella
857 1109 1126 1156 munitissima,
1146 1116 1331 1148 nocturno

220 1164 392 1203 Pomtini
411 1164 589 1211 adventu,
610 1170 737 1201 nostro
766 1163 969 1211 matutino,
996 1162 1181 1214 cepimus,
1200 1162 1332 1201 incen-

219 1219 359 1256 dimus.
388 1220 648 1267 Imperatores
667 1216 847 1268 appellati
861 1229 1004 1254 sumus.
1035 1217 1168 1255 Castra
1187 1229 1329 1267 paucos

217 1272 298 1310 dies
315 1270 536 1317 habuimus,
561 1283 604 1308 ea
628 1270 725 1321 ipsa,
745 1283 832 1320 quae
851 1277 979 1307 contra
1000 1269 1165 1307 Darium
1183 1269 1328 1308 habue-

212 1333 274 1364 rat
303 1324 407 1375 apud
435 1324 563 1362 Issum
592 1323 828 1370 Alexander,
853 1323 1058 1375 imperator
1077 1322 1183 1361 haud
1209 1323 1327 1375 paulo

215 1379 364 1423 melior,
385 1389 503 1438 quam
521 1384 589 1415 aut
606 1385 649 1415 tu
668 1384 735 1414 aut
752 1390 834 1428 ego.

267 1431 331 1470 Ibi
342 1431 420 1469 dies
431 1431 600 1482 quinque
612 1430 763 1477 morati,
783 1431 929 1482 direpto
941 1437 978 1469 et
991 1437 1133 1469 vastato
1151 1431 1323 1482 Amano,

211 1485 302 1524 inde
320 1485 569 1523 discessimus.
616 1485 697 1523 Scis
729 1484 832 1522 enim
864 1484 938 1522 dici
969 1483 1146 1535 quaedam
1178 1500 1325 1532 πανικα,

213 1540 288 1578 dici
319 1539 411 1576 item
438 1554 484 1575 τα
516 1553 598 1575 uem
627 1553 688 1575 του
721 1544 892 1586 πολεμου.
935 1538 1109 1576 Rumore
1138 1538 1320 1579 adventus

210 1592 345 1639 nostri,
366 1598 403 1630 et
420 1592 564 1639 Cassio,
593 1591 661 1642 qui
688 1591 897 1629 Antiochia
927 1593 1143 1640 tenebatur,
1169 1592 1322 1632 animus

209 1646 376 1693 accessit,
409 1652 445 1683 et
464 1645 615 1683 Parthis
640 1645 753 1682 timor
782 1645 941 1693 injectus
973 1651 1040 1684 est.
1079 1645 1218 1697 Itaque
1242 1659 1318 1695 eos,

209 1699 382 1739 cedentes
401 1700 448 1736 ab
467 1698 621 1749 oppido,
641 1698 794 1737 Cassius
811 1698 1015 1746 insecutus,
1028 1711 1110 1737 rem
1123 1700 1218 1738 bene
1234 1713 1321 1751 gas-

210 1754 270 1792 sit.
314 1752 407 1800 Qua
434 1752 474 1789 in
499 1752 607 1802 fuga,
633 1751 777 1802 magna
801 1751 1022 1790 auctoritate
1049 1751 1206 1801 Osaces,
1237 1753 1318 1792 dux

210 1806 457 1851 Parthorum,
477 1806 617 1843 vulnus
635 1805 790 1856 accepit,
806 1818 926 1856 eoque
939 1805 1080 1844 interiit
1089 1806 1219 1857 paucis
1231 1814 1318 1859 post

210 1860 355 1898 diebus.
384 1859 481 1896 Erat
498 1859 539 1895 in
558 1859 668 1909 Syris
688 1865 859 1896 nostrum
872 1871 1012 1897 nomen
1030 1859 1070 1897 in
1088 1860 1222 1910 gratia„

261 1913 381 1951 Venit
399 1912 551 1950 interim
563 1912 742 1961 Bibulus.
772 1911 908 1959 Credo,
925 1913 1046 1950 voluit
1064 1913 1316 1964 appellatione

206 1966 279 2004 hac
303 1965 408 2003 inani
435 1965 544 2003 nobis
568 1978 646 2004 esse
674 1979 754 2017 par.
794 1965 858 2009 In,
874 1965 1006 2004 eodem
1024 1968 1182 2004 Amano
1204 1967 1316 2018 coepit

204 2019 413 2058 laureolam
444 2019 485 2056 in
513 2026 704 2058 mustaceo
733 2031 910 2071 quaerere.
948 2019 1008 2057 At
1035 2020 1101 2058 ille
1122 2020 1313 2058 cohortem

204 2073 370 2123 primam
402 2078 522 2110 totam
550 2072 728 2123 perdidit,
754 2072 1089 2124 centurionemque
1111 2073 1311 2124 primipili,

203 2126 369 2179 nobilem
384 2125 444 2163 sui
462 2125 622 2175 generis,
642 2125 824 2168 Asinium
842 2126 1074 2174 Dentonem,
1094 2133 1132 2164 et
1149 2127 1313 2178 reliquos
