<?xml version="1.0" encoding="UTF-8"?>
<!DOCTYPE html PUBLIC "-//W3C//DTD XHTML 1.0 Transitional//EN"
    "http://www.w3.org/TR/xhtml1/DTD/xhtml1-transitional.dtd">
<html xmlns="http://www.w3.org/1999/xhtml" xml:lang="en" lang="en">
 <head>
  <title>
</title>
<meta http-equiv="Content-Type" content="text/html;charset=utf-8" />
  <meta name='ocr-system' content='tesseract 3.04.00' />
  <meta name='ocr-capabilities' content='ocr_page ocr_carea ocr_par ocr_line ocrx_word'/>
</head>
<body>
  <div class='ocr_page' id='page_1' title='image "./operaern10ciceuoft_0184.png"; bbox 0 0 1513 2382; ppageno 0'>
   <div class='ocr_carea' id='block_1_1' title="bbox 309 106 1205 150">
    <p class='ocr_par' dir='ltr' id='par_1_1' title="bbox 309 106 1205 150">
     <span class='ocr_line' id='line_1_1' title="bbox 309 106 1205 150; baseline 0.002 -6"><span class='ocrx_word' id='word_1_1' title='bbox 309 106 386 150; x_wconf 85' lang='lat'>170</span> <span class='ocrx_word' id='word_1_2' title='bbox 526 106 608 145; x_wconf 85' lang='lat' dir='ltr'>AD</span> <span class='ocrx_word' id='word_1_3' title='bbox 636 107 1111 147; x_wconf 78' lang='lat' dir='ltr'>ATTICUM.L113.I.</span> <span class='ocrx_word' id='word_1_4' title='bbox 1144 107 1205 146; x_wconf 89' lang='lat'>19.</span> 
     </span>
    </p>
   </div>
   <div class='ocr_carea' id='block_1_2' title="bbox 301 213 1482 2191">
    <p class='ocr_par' dir='ltr' id='par_1_2' title="bbox 301 213 1416 799">
     <span class='ocr_line' id='line_1_2' title="bbox 303 213 1416 275; baseline -0.001 -24"><span class='ocrx_word' id='word_1_5' title='bbox 303 213 515 265; x_wconf 83' lang='lat' dir='ltr'>Pompeio;</span> <span class='ocrx_word' id='word_1_6' title='bbox 537 227 624 266; x_wconf 89' lang='lat' dir='ltr'>quae</span> <span class='ocrx_word' id='word_1_7' title='bbox 637 215 734 253; x_wconf 84' lang='lat' dir='ltr'>nihil</span> <span class='ocrx_word' id='word_1_8' title='bbox 747 215 930 267; x_wconf 86' lang='lat' dir='ltr'>populare</span> <span class='ocrx_word' id='word_1_9' title='bbox 940 213 1118 261; x_wconf 86' lang='lat' dir='ltr'>habebat,</span> <span class='ocrx_word' id='word_1_10' title='bbox 1133 219 1270 275; x_wconf 81' lang='lat' dir='ltr'>praeter</span> <span class='ocrx_word' id='word_1_11' title='bbox 1287 219 1416 251; x_wconf 82' lang='lat' dir='ltr'>aucto-</span> 
     </span>
     <span class='ocr_line' id='line_1_3' title="bbox 301 266 1407 320; baseline -0.001 -16"><span class='ocrx_word' id='word_1_12' title='bbox 301 279 395 305; x_wconf 90' lang='lat' dir='ltr'>rem.</span> <span class='ocrx_word' id='word_1_13' title='bbox 423 268 489 306; x_wconf 88' lang='lat' dir='ltr'>Ex</span> <span class='ocrx_word' id='word_1_14' title='bbox 506 268 577 306; x_wconf 89' lang='lat' dir='ltr'>hac</span> <span class='ocrx_word' id='word_1_15' title='bbox 605 281 674 320; x_wconf 82' lang='lat' dir='ltr'>ego</span> <span class='ocrx_word' id='word_1_16' title='bbox 692 270 789 320; x_wconf 89' lang='lat' dir='ltr'>lege,</span> <span class='ocrx_word' id='word_1_17' title='bbox 809 269 975 307; x_wconf 87' lang='lat' dir='ltr'>secunda</span> <span class='ocrx_word' id='word_1_18' title='bbox 992 268 1179 307; x_wconf 88' lang='lat' dir='ltr'>concionis</span> <span class='ocrx_word' id='word_1_19' title='bbox 1197 266 1407 312; x_wconf 71' lang='lat' dir='ltr'>voluntate,</span> 
     </span>
     <span class='ocr_line' id='line_1_4' title="bbox 302 319 1411 373; baseline 0 -16"><span class='ocrx_word' id='word_1_20' title='bbox 302 320 431 358; x_wconf 90' lang='lat' dir='ltr'>omnia</span> <span class='ocrx_word' id='word_1_21' title='bbox 461 322 654 368; x_wconf 86' lang='lat' dir='ltr'>tollebam,</span> <span class='ocrx_word' id='word_1_22' title='bbox 681 336 767 373; x_wconf 90' lang='lat' dir='ltr'>quae</span> <span class='ocrx_word' id='word_1_23' title='bbox 795 322 844 360; x_wconf 84' lang='lat' dir='ltr'>ad</span> <span class='ocrx_word' id='word_1_24' title='bbox 867 323 1101 373; x_wconf 76' lang='lat' dir='ltr'>privatorum</span> <span class='ocrx_word' id='word_1_25' title='bbox 1124 319 1411 359; x_wconf 89' lang='lat' dir='ltr'>incommodum</span> 
     </span>
     <span class='ocr_line' id='line_1_5' title="bbox 301 372 1409 426; baseline -0.002 -14"><span class='ocrx_word' id='word_1_26' title='bbox 301 374 565 424; x_wconf 83' lang='lat' dir='ltr'>pertinebant:</span> <span class='ocrx_word' id='word_1_27' title='bbox 594 376 802 414; x_wconf 80' lang='lat' dir='ltr'>liberabam</span> <span class='ocrx_word' id='word_1_28' title='bbox 821 389 956 426; x_wconf 85' lang='lat' dir='ltr'>agrum</span> <span class='ocrx_word' id='word_1_29' title='bbox 971 388 1073 421; x_wconf 92' lang='lat' dir='ltr'>eum,</span> <span class='ocrx_word' id='word_1_30' title='bbox 1094 375 1176 426; x_wconf 92' lang='lat' dir='ltr'>qui,</span> <span class='ocrx_word' id='word_1_31' title='bbox 1194 374 1239 412; x_wconf 92' lang='lat' dir='ltr'>P.</span> <span class='ocrx_word' id='word_1_32' title='bbox 1260 372 1409 421; x_wconf 87' lang='lat' dir='ltr'>Mucio,</span> 
     </span>
     <span class='ocr_line' id='line_1_6' title="bbox 304 403 1413 480; baseline -0.002 -15"><span class='ocrx_word' id='word_1_33' title='bbox 304 427 354 464; x_wconf 87' lang='lat' dir='ltr'>L.</span> <span class='ocrx_word' id='word_1_34' title='bbox 377 427 585 479; x_wconf 90' lang='lat' dir='ltr'>Calpurnio</span> <span class='ocrx_word' id='word_1_35' title='bbox 604 430 833 476; x_wconf 85' lang='lat' dir='ltr'>consulibus,</span> <span class='ocrx_word' id='word_1_36' title='bbox 854 429 1029 480; x_wconf 86' lang='lat' dir='ltr'>publicus</span> <span class='ocrx_word' id='word_1_37' title='bbox 1046 403 1205 466; x_wconf 70' lang='lat' dir='ltr'>fixisset.</span> <span class='ocrx_word' id='word_1_38' title='bbox 1237 427 1413 465; x_wconf 90' lang='lat' dir='ltr'>Sullano-</span> 
     </span>
     <span class='ocr_line' id='line_1_7' title="bbox 303 480 1412 532; baseline -0.001 -14"><span class='ocrx_word' id='word_1_39' title='bbox 303 493 392 518; x_wconf 90' lang='lat' dir='ltr'>rum</span> <span class='ocrx_word' id='word_1_40' title='bbox 409 481 610 519; x_wconf 87' lang='lat' dir='ltr'>hominum</span> <span class='ocrx_word' id='word_1_41' title='bbox 639 483 888 532; x_wconf 59' lang='lat' dir='ltr'>possessiones</span> <span class='ocrx_word' id='word_1_42' title='bbox 907 482 1205 520; x_wconf 88' lang='lat' dir='ltr'>confirmabam:</span> <span class='ocrx_word' id='word_1_43' title='bbox 1236 480 1412 518; x_wconf 88' lang='lat' dir='ltr'>Volater-</span> 
     </span>
     <span class='ocr_line' id='line_1_8' title="bbox 303 531 1410 596; baseline -0.001 -25"><span class='ocrx_word' id='word_1_44' title='bbox 303 546 413 572; x_wconf 89' lang='lat' dir='ltr'>ranos</span> <span class='ocrx_word' id='word_1_45' title='bbox 433 543 469 572; x_wconf 91' lang='lat' dir='ltr'>et</span> <span class='ocrx_word' id='word_1_46' title='bbox 489 536 698 583; x_wconf 81' lang='lat' dir='ltr'>Arretinos,</span> <span class='ocrx_word' id='word_1_47' title='bbox 719 548 883 586; x_wconf 84' lang='lat' dir='ltr'>quorum</span> <span class='ocrx_word' id='word_1_48' title='bbox 902 548 1039 596; x_wconf 86' lang='lat' dir='ltr'>agrum</span> <span class='ocrx_word' id='word_1_49' title='bbox 1059 535 1167 573; x_wconf 81' lang='lat' dir='ltr'>Sulla</span> <span class='ocrx_word' id='word_1_50' title='bbox 1183 531 1410 585; x_wconf 81' lang='lat' dir='ltr'>publicarat,</span> 
     </span>
     <span class='ocr_line' id='line_1_9' title="bbox 304 588 1413 647; baseline -0.001 -22"><span class='ocrx_word' id='word_1_51' title='bbox 304 599 428 647; x_wconf 88' lang='lat' dir='ltr'>neque</span> <span class='ocrx_word' id='word_1_52' title='bbox 442 588 631 636; x_wconf 83' lang='lat' dir='ltr'>diviserat,</span> <span class='ocrx_word' id='word_1_53' title='bbox 651 589 692 626; x_wconf 84' lang='lat' dir='ltr'>in</span> <span class='ocrx_word' id='word_1_54' title='bbox 705 601 774 626; x_wconf 87' lang='lat' dir='ltr'>sua</span> <span class='ocrx_word' id='word_1_55' title='bbox 784 589 1014 640; x_wconf 83' lang='lat' dir='ltr'>possessione</span> <span class='ocrx_word' id='word_1_56' title='bbox 1032 588 1262 626; x_wconf 85' lang='lat' dir='ltr'>retinebam:</span> <span class='ocrx_word' id='word_1_57' title='bbox 1294 598 1413 624; x_wconf 90' lang='lat' dir='ltr'>unam</span> 
     </span>
     <span class='ocr_line' id='line_1_10' title="bbox 305 640 1414 700; baseline 0.001 -22"><span class='ocrx_word' id='word_1_58' title='bbox 305 641 490 679; x_wconf 88' lang='lat' dir='ltr'>rationem</span> <span class='ocrx_word' id='word_1_59' title='bbox 508 654 585 679; x_wconf 90' lang='lat' dir='ltr'>non</span> <span class='ocrx_word' id='word_1_60' title='bbox 604 642 833 691; x_wconf 82' lang='lat' dir='ltr'>rejiciebam,</span> <span class='ocrx_word' id='word_1_61' title='bbox 853 651 897 680; x_wconf 91' lang='lat' dir='ltr'>ut</span> <span class='ocrx_word' id='word_1_62' title='bbox 915 655 1003 692; x_wconf 89' lang='lat' dir='ltr'>ager</span> <span class='ocrx_word' id='word_1_63' title='bbox 1029 641 1101 679; x_wconf 87' lang='lat' dir='ltr'>hac</span> <span class='ocrx_word' id='word_1_64' title='bbox 1118 640 1329 679; x_wconf 86' lang='lat' dir='ltr'>adventicia</span> <span class='ocrx_word' id='word_1_65' title='bbox 1346 653 1414 700; x_wconf 78' lang='lat' dir='ltr'>pe-</span> 
     </span>
     <span class='ocr_line' id='line_1_11' title="bbox 306 693 1415 746; baseline 0.001 -15"><span class='ocrx_word' id='word_1_66' title='bbox 306 695 419 731; x_wconf 86' lang='lat' dir='ltr'>cunia</span> <span class='ocrx_word' id='word_1_67' title='bbox 438 703 636 743; x_wconf 87' lang='lat' dir='ltr'>emeretur,</span> <span class='ocrx_word' id='word_1_68' title='bbox 658 709 744 746; x_wconf 88' lang='lat' dir='ltr'>quae</span> <span class='ocrx_word' id='word_1_69' title='bbox 763 709 811 734; x_wconf 81' lang='lat' dir='ltr'>ex</span> <span class='ocrx_word' id='word_1_70' title='bbox 828 695 935 733; x_wconf 88' lang='lat' dir='ltr'>novis</span> <span class='ocrx_word' id='word_1_71' title='bbox 954 694 1200 746; x_wconf 84' lang='lat' dir='ltr'>vectigalibus</span> <span class='ocrx_word' id='word_1_72' title='bbox 1217 707 1285 745; x_wconf 87' lang='lat' dir='ltr'>per</span> <span class='ocrx_word' id='word_1_73' title='bbox 1302 693 1415 746; x_wconf 88' lang='lat' dir='ltr'>quin-</span> 
     </span>
     <span class='ocr_line' id='line_1_12' title="bbox 307 748 776 809; baseline 0.007 -25"><span class='ocrx_word' id='word_1_74' title='bbox 307 748 519 798; x_wconf 91' lang='lat' dir='ltr'>quennium</span> <span class='ocrx_word' id='word_1_75' title='bbox 538 749 776 809; x_wconf 87' lang='lat' dir='ltr'>reciperetur.</span> 
     </span>
    </p>

    <p class='ocr_par' dir='ltr' id='par_1_3' title="bbox 308 800 1425 1388">
     <span class='ocr_line' id='line_1_13' title="bbox 361 800 1415 854; baseline -0.001 -16"><span class='ocrx_word' id='word_1_76' title='bbox 361 801 467 839; x_wconf 83' lang='lat' dir='ltr'>Huic</span> <span class='ocrx_word' id='word_1_77' title='bbox 498 802 567 840; x_wconf 84' lang='lat' dir='ltr'>toti</span> <span class='ocrx_word' id='word_1_78' title='bbox 598 802 734 840; x_wconf 85' lang='lat' dir='ltr'>rationi</span> <span class='ocrx_word' id='word_1_79' title='bbox 764 802 920 854; x_wconf 88' lang='lat' dir='ltr'>agrariae</span> <span class='ocrx_word' id='word_1_80' title='bbox 952 810 1104 842; x_wconf 84' lang='lat' dir='ltr'>senatus</span> <span class='ocrx_word' id='word_1_81' title='bbox 1133 800 1415 847; x_wconf 80' lang='lat' dir='ltr'>adversabatur,</span> 
     </span>
     <span class='ocr_line' id='line_1_14' title="bbox 309 853 1418 908; baseline -0.002 -16"><span class='ocrx_word' id='word_1_82' title='bbox 309 854 516 905; x_wconf 85' lang='lat' dir='ltr'>suspicans,</span> <span class='ocrx_word' id='word_1_83' title='bbox 557 855 741 907; x_wconf 92' lang='lat' dir='ltr'>Pompeio</span> <span class='ocrx_word' id='word_1_84' title='bbox 784 869 923 895; x_wconf 89' lang='lat' dir='ltr'>novam</span> <span class='ocrx_word' id='word_1_85' title='bbox 959 855 1168 908; x_wconf 85' lang='lat' dir='ltr'>quamdam</span> <span class='ocrx_word' id='word_1_86' title='bbox 1208 853 1418 906; x_wconf 82' lang='lat' dir='ltr'>potentiam</span> 
     </span>
     <span class='ocr_line' id='line_1_15' title="bbox 309 906 1419 967; baseline -0.002 -22"><span class='ocrx_word' id='word_1_87' title='bbox 309 908 442 959; x_wconf 86' lang='lat' dir='ltr'>quaeri.</span> <span class='ocrx_word' id='word_1_88' title='bbox 481 909 688 960; x_wconf 87' lang='lat' dir='ltr'>Pompeius</span> <span class='ocrx_word' id='word_1_89' title='bbox 718 923 805 948; x_wconf 87' lang='lat' dir='ltr'>vero</span> <span class='ocrx_word' id='word_1_90' title='bbox 838 909 887 948; x_wconf 90' lang='lat' dir='ltr'>ad</span> <span class='ocrx_word' id='word_1_91' title='bbox 922 911 1157 948; x_wconf 85' lang='lat' dir='ltr'>voluntatem</span> <span class='ocrx_word' id='word_1_92' title='bbox 1188 906 1419 967; x_wconf 63' lang='lat' dir='ltr'>perferendae</span> 
     </span>
     <span class='ocr_line' id='line_1_16' title="bbox 308 960 1420 1014; baseline -0.001 -15"><span class='ocrx_word' id='word_1_93' title='bbox 308 962 403 1011; x_wconf 84' lang='lat' dir='ltr'>legis</span> <span class='ocrx_word' id='word_1_94' title='bbox 427 963 660 1000; x_wconf 83' lang='lat' dir='ltr'>incubuerat.</span> <span class='ocrx_word' id='word_1_95' title='bbox 690 963 777 1014; x_wconf 89' lang='lat' dir='ltr'>Ego</span> <span class='ocrx_word' id='word_1_96' title='bbox 802 972 945 1012; x_wconf 80' lang='lat' dir='ltr'>autem,</span> <span class='ocrx_word' id='word_1_97' title='bbox 974 976 1117 1014; x_wconf 87' lang='lat' dir='ltr'>magna</span> <span class='ocrx_word' id='word_1_98' title='bbox 1141 974 1230 1001; x_wconf 89' lang='lat' dir='ltr'>cum</span> <span class='ocrx_word' id='word_1_99' title='bbox 1254 960 1420 1011; x_wconf 81' lang='lat' dir='ltr'>agrario-</span> 
     </span>
     <span class='ocr_line' id='line_1_17' title="bbox 310 1016 1420 1077; baseline -0.001 -25"><span class='ocrx_word' id='word_1_100' title='bbox 310 1027 398 1052; x_wconf 90' lang='lat' dir='ltr'>rum</span> <span class='ocrx_word' id='word_1_101' title='bbox 423 1016 559 1066; x_wconf 89' lang='lat' dir='ltr'>gratia,</span> <span class='ocrx_word' id='word_1_102' title='bbox 585 1016 858 1055; x_wconf 86' lang='lat' dir='ltr'>confirmabam</span> <span class='ocrx_word' id='word_1_103' title='bbox 880 1017 1051 1055; x_wconf 88' lang='lat' dir='ltr'>omnium</span> <span class='ocrx_word' id='word_1_104' title='bbox 1075 1016 1309 1077; x_wconf 81' lang='lat' dir='ltr'>privatorum</span> <span class='ocrx_word' id='word_1_105' title='bbox 1333 1026 1420 1064; x_wconf 82' lang='lat' dir='ltr'>pos-</span> 
     </span>
     <span class='ocr_line' id='line_1_18' title="bbox 311 1067 1418 1117; baseline -0.001 -11"><span class='ocrx_word' id='word_1_106' title='bbox 311 1069 517 1107; x_wconf 47' lang='lat' dir='ltr'>sessiones:</span> <span class='ocrx_word' id='word_1_107' title='bbox 549 1070 597 1112; x_wconf 89' lang='lat' dir='ltr'>(is</span> <span class='ocrx_word' id='word_1_108' title='bbox 620 1070 722 1108; x_wconf 85' lang='lat' dir='ltr'>enim</span> <span class='ocrx_word' id='word_1_109' title='bbox 745 1079 800 1109; x_wconf 61' lang='lat' dir='ltr'>est</span> <span class='ocrx_word' id='word_1_110' title='bbox 827 1078 953 1109; x_wconf 88' lang='lat' dir='ltr'>noster</span> <span class='ocrx_word' id='word_1_111' title='bbox 977 1071 1176 1117; x_wconf 82' lang='lat' dir='ltr'>exercitus,</span> <span class='ocrx_word' id='word_1_112' title='bbox 1201 1067 1418 1115; x_wconf 89' lang='lat' dir='ltr'>hominum,</span> 
     </span>
     <span class='ocr_line' id='line_1_19' title="bbox 309 1121 1421 1175; baseline -0.002 -16"><span class='ocrx_word' id='word_1_113' title='bbox 309 1130 355 1159; x_wconf 89' lang='lat' dir='ltr'>ut</span> <span class='ocrx_word' id='word_1_114' title='bbox 373 1130 453 1160; x_wconf 88' lang='lat' dir='ltr'>tute</span> <span class='ocrx_word' id='word_1_115' title='bbox 471 1123 554 1170; x_wconf 89' lang='lat' dir='ltr'>scis,</span> <span class='ocrx_word' id='word_1_116' title='bbox 583 1123 853 1174; x_wconf 90' lang='lat' dir='ltr'>locupletium:</span> <span class='ocrx_word' id='word_1_117' title='bbox 860 1123 876 1173; x_wconf 96' lang='lat'>)</span> <span class='ocrx_word' id='word_1_118' title='bbox 904 1125 1047 1175; x_wconf 91' lang='lat' dir='ltr'>populo</span> <span class='ocrx_word' id='word_1_119' title='bbox 1071 1131 1214 1170; x_wconf 87' lang='lat' dir='ltr'>autem,</span> <span class='ocrx_word' id='word_1_120' title='bbox 1244 1128 1282 1160; x_wconf 88' lang='lat' dir='ltr'>et</span> <span class='ocrx_word' id='word_1_121' title='bbox 1302 1121 1421 1158; x_wconf 91' lang='lat' dir='ltr'>Pom-</span> 
     </span>
     <span class='ocr_line' id='line_1_20' title="bbox 310 1175 1423 1241; baseline -0.002 -28"><span class='ocrx_word' id='word_1_122' title='bbox 310 1175 396 1225; x_wconf 89' lang='lat' dir='ltr'>peio</span> <span class='ocrx_word' id='word_1_123' title='bbox 429 1178 536 1218; x_wconf 89' lang='lat' dir='ltr'>(nam</span> <span class='ocrx_word' id='word_1_124' title='bbox 558 1176 599 1213; x_wconf 91' lang='lat' dir='ltr'>id</span> <span class='ocrx_word' id='word_1_125' title='bbox 627 1190 780 1241; x_wconf 81' lang='lat' dir='ltr'>quoque</span> <span class='ocrx_word' id='word_1_126' title='bbox 802 1178 992 1225; x_wconf 85' lang='lat' dir='ltr'>volebam)</span> <span class='ocrx_word' id='word_1_127' title='bbox 1018 1177 1106 1215; x_wconf 88' lang='lat' dir='ltr'>satis</span> <span class='ocrx_word' id='word_1_128' title='bbox 1133 1175 1318 1214; x_wconf 81' lang='lat' dir='ltr'>faciebam</span> <span class='ocrx_word' id='word_1_129' title='bbox 1340 1186 1423 1212; x_wconf 91' lang='lat' dir='ltr'>em-</span> 
     </span>
     <span class='ocr_line' id='line_1_21' title="bbox 310 1227 1425 1282; baseline -0.002 -16"><span class='ocrx_word' id='word_1_130' title='bbox 310 1228 428 1266; x_wconf 83' lang='lat' dir='ltr'>tione:</span> <span class='ocrx_word' id='word_1_131' title='bbox 452 1243 530 1280; x_wconf 87' lang='lat' dir='ltr'>qua</span> <span class='ocrx_word' id='word_1_132' title='bbox 541 1230 745 1268; x_wconf 83' lang='lat' dir='ltr'>constituta</span> <span class='ocrx_word' id='word_1_133' title='bbox 755 1230 968 1282; x_wconf 77' lang='lat' dir='ltr'>diligenter,</span> <span class='ocrx_word' id='word_1_134' title='bbox 982 1238 1019 1268; x_wconf 87' lang='lat' dir='ltr'>et</span> <span class='ocrx_word' id='word_1_135' title='bbox 1030 1230 1217 1268; x_wconf 87' lang='lat' dir='ltr'>sentinam</span> <span class='ocrx_word' id='word_1_136' title='bbox 1224 1227 1343 1266; x_wconf 92' lang='lat' dir='ltr'>Urbis</span> <span class='ocrx_word' id='word_1_137' title='bbox 1354 1239 1425 1265; x_wconf 83' lang='lat' dir='ltr'>ex-</span> 
     </span>
     <span class='ocr_line' id='line_1_22' title="bbox 311 1280 1423 1335; baseline 0 -17"><span class='ocrx_word' id='word_1_138' title='bbox 311 1281 470 1329; x_wconf 88' lang='lat' dir='ltr'>hauriri,</span> <span class='ocrx_word' id='word_1_139' title='bbox 491 1291 527 1320; x_wconf 91' lang='lat' dir='ltr'>et</span> <span class='ocrx_word' id='word_1_140' title='bbox 542 1283 665 1321; x_wconf 86' lang='lat' dir='ltr'>Italiae</span> <span class='ocrx_word' id='word_1_141' title='bbox 681 1283 923 1322; x_wconf 86' lang='lat' dir='ltr'>solitudinem</span> <span class='ocrx_word' id='word_1_142' title='bbox 937 1283 1181 1335; x_wconf 75' lang='lat' dir='ltr'>frequentari,</span> <span class='ocrx_word' id='word_1_143' title='bbox 1200 1294 1308 1334; x_wconf 89' lang='lat' dir='ltr'>posse</span> <span class='ocrx_word' id='word_1_144' title='bbox 1322 1280 1423 1319; x_wconf 89' lang='lat' dir='ltr'>arbi-</span> 
     </span>
     <span class='ocr_line' id='line_1_23' title="bbox 311 1334 1423 1388; baseline -0.001 -16"><span class='ocrx_word' id='word_1_145' title='bbox 311 1336 449 1373; x_wconf 80' lang='lat' dir='ltr'>trabar.</span> <span class='ocrx_word' id='word_1_146' title='bbox 482 1336 558 1374; x_wconf 89' lang='lat' dir='ltr'>Sed</span> <span class='ocrx_word' id='word_1_147' title='bbox 568 1336 648 1374; x_wconf 90' lang='lat' dir='ltr'>haec</span> <span class='ocrx_word' id='word_1_148' title='bbox 660 1344 738 1375; x_wconf 84' lang='lat' dir='ltr'>tota</span> <span class='ocrx_word' id='word_1_149' title='bbox 749 1350 822 1385; x_wconf 58' lang='grc' dir='ltr'>ιω,</span> <span class='ocrx_word' id='word_1_150' title='bbox 836 1337 1075 1388; x_wconf 85' lang='lat' dir='ltr'>interpellata</span> <span class='ocrx_word' id='word_1_151' title='bbox 1085 1337 1199 1383; x_wconf 87' lang='lat' dir='ltr'>bello,</span> <span class='ocrx_word' id='word_1_152' title='bbox 1211 1334 1423 1373; x_wconf 81' lang='lat' dir='ltr'>refrixerat.</span> 
     </span>
    </p>

    <p class='ocr_par' dir='ltr' id='par_1_4' title="bbox 312 1387 1482 1533">
     <span class='ocr_line' id='line_1_24' title="bbox 365 1387 1423 1435; baseline -0.001 -9"><span class='ocrx_word' id='word_1_153' title='bbox 365 1388 549 1428; x_wconf 77' lang='lat' dir='ltr'>Metellus</span> <span class='ocrx_word' id='word_1_154' title='bbox 563 1397 619 1428; x_wconf 90' lang='lat' dir='ltr'>est</span> <span class='ocrx_word' id='word_1_155' title='bbox 637 1391 770 1428; x_wconf 91' lang='lat' dir='ltr'>consul</span> <span class='ocrx_word' id='word_1_156' title='bbox 788 1403 876 1429; x_wconf 88' lang='lat' dir='ltr'>sane</span> <span class='ocrx_word' id='word_1_157' title='bbox 895 1393 1043 1435; x_wconf 88' lang='lat' dir='ltr'>bonus;</span> <span class='ocrx_word' id='word_1_158' title='bbox 1073 1398 1111 1428; x_wconf 88' lang='lat' dir='ltr'>et</span> <span class='ocrx_word' id='word_1_159' title='bbox 1128 1402 1196 1428; x_wconf 90' lang='lat' dir='ltr'>nos</span> <span class='ocrx_word' id='word_1_160' title='bbox 1213 1387 1423 1426; x_wconf 85' lang='lat' dir='ltr'>admodum</span> 
     </span>
     <span class='ocr_line' id='line_1_25' title="bbox 312 1439 1421 1496; baseline 0 -17"><span class='ocrx_word' id='word_1_161' title='bbox 312 1439 450 1492; x_wconf 87' lang='lat' dir='ltr'>diligit</span> <span class='ocrx_word' id='word_1_162' title='bbox 477 1442 551 1481; x_wconf 88' lang='lat' dir='ltr'>I]le</span> <span class='ocrx_word' id='word_1_163' title='bbox 569 1443 663 1481; x_wconf 90' lang='lat' dir='ltr'>alter</span> <span class='ocrx_word' id='word_1_164' title='bbox 680 1443 734 1482; x_wconf 90' lang='lat' dir='ltr'>ita</span> <span class='ocrx_word' id='word_1_165' title='bbox 752 1444 848 1482; x_wconf 87' lang='lat' dir='ltr'>nihil</span> <span class='ocrx_word' id='word_1_166' title='bbox 866 1452 935 1494; x_wconf 85' lang='lat' dir='ltr'>est,</span> <span class='ocrx_word' id='word_1_167' title='bbox 955 1452 999 1482; x_wconf 90' lang='lat' dir='ltr'>ut</span> <span class='ocrx_word' id='word_1_168' title='bbox 1009 1444 1140 1496; x_wconf 88' lang='lat' dir='ltr'>plane,</span> <span class='ocrx_word' id='word_1_169' title='bbox 1161 1442 1256 1495; x_wconf 89' lang='lat' dir='ltr'>quid</span> <span class='ocrx_word' id='word_1_170' title='bbox 1273 1441 1421 1489; x_wconf 87' lang='lat' dir='ltr'>emerit,</span> 
     </span>
     <span class='ocr_line' id='line_1_26' title="bbox 314 1503 1482 1533; baseline 0 -1"><span class='ocrx_word' id='word_1_171' title='bbox 314 1503 466 1533; x_wconf 72' lang='lat' dir='ltr'>Beselat-</span> <span class='ocrx_word' id='word_1_172' title='bbox 1480 1511 1482 1513; x_wconf 57' lang='grc'>’</span> 
     </span>
    </p>

    <p class='ocr_par' dir='ltr' id='par_1_5' title="bbox 312 1548 1427 1817">
     <span class='ocr_line' id='line_1_27' title="bbox 368 1548 1423 1602; baseline 0 -16"><span class='ocrx_word' id='word_1_173' title='bbox 368 1549 465 1587; x_wconf 83' lang='lat' dir='ltr'>Haec</span> <span class='ocrx_word' id='word_1_174' title='bbox 484 1558 573 1588; x_wconf 87' lang='lat' dir='ltr'>sunt</span> <span class='ocrx_word' id='word_1_175' title='bbox 592 1550 632 1588; x_wconf 92' lang='lat' dir='ltr'>in</span> <span class='ocrx_word' id='word_1_176' title='bbox 651 1563 692 1588; x_wconf 88' lang='lat' dir='ltr'>re</span> <span class='ocrx_word' id='word_1_177' title='bbox 712 1550 891 1602; x_wconf 85' lang='lat' dir='ltr'>publica·</span> <span class='ocrx_word' id='word_1_178' title='bbox 921 1551 994 1589; x_wconf 84' lang='lat' dir='ltr'>nisi</span> <span class='ocrx_word' id='word_1_179' title='bbox 1020 1550 1134 1589; x_wconf 78' lang='lat' dir='ltr'>etiam</span> <span class='ocrx_word' id='word_1_180' title='bbox 1152 1549 1250 1588; x_wconf 89' lang='lat' dir='ltr'>illud</span> <span class='ocrx_word' id='word_1_181' title='bbox 1275 1548 1324 1587; x_wconf 87' lang='lat' dir='ltr'>ad</span> <span class='ocrx_word' id='word_1_182' title='bbox 1341 1561 1423 1587; x_wconf 86' lang='lat' dir='ltr'>rem</span> 
     </span>
     <span class='ocr_line' id='line_1_28' title="bbox 312 1601 1426 1655; baseline 0 -15"><span class='ocrx_word' id='word_1_183' title='bbox 312 1603 508 1652; x_wconf 82' lang='lat' dir='ltr'>publicam</span> <span class='ocrx_word' id='word_1_184' title='bbox 522 1612 633 1655; x_wconf 88' lang='lat' dir='ltr'>putas</span> <span class='ocrx_word' id='word_1_185' title='bbox 652 1605 852 1655; x_wconf 88' lang='lat' dir='ltr'>pertinere,</span> <span class='ocrx_word' id='word_1_186' title='bbox 867 1605 1110 1643; x_wconf 89' lang='lat' dir='ltr'>Herennium</span> <span class='ocrx_word' id='word_1_187' title='bbox 1124 1602 1345 1655; x_wconf 84' lang='lat' dir='ltr'>quemdam,</span> <span class='ocrx_word' id='word_1_188' title='bbox 1358 1601 1426 1640; x_wconf 83' lang='lat' dir='ltr'>tri-</span> 
     </span>
     <span class='ocr_line' id='line_1_29' title="bbox 313 1657 1427 1708; baseline 0 -15"><span class='ocrx_word' id='word_1_189' title='bbox 313 1657 463 1694; x_wconf 91' lang='lat' dir='ltr'>bunum</span> <span class='ocrx_word' id='word_1_190' title='bbox 474 1657 610 1708; x_wconf 85' lang='lat' dir='ltr'>plebis,</span> <span class='ocrx_word' id='word_1_191' title='bbox 619 1658 798 1696; x_wconf 87' lang='lat' dir='ltr'>tribulem</span> <span class='ocrx_word' id='word_1_192' title='bbox 811 1665 936 1702; x_wconf 84' lang='lat' dir='ltr'>tuum,</span> <span class='ocrx_word' id='word_1_193' title='bbox 954 1670 1041 1696; x_wconf 91' lang='lat' dir='ltr'>sane</span> <span class='ocrx_word' id='word_1_194' title='bbox 1054 1658 1248 1696; x_wconf 87' lang='lat' dir='ltr'>hominem</span> <span class='ocrx_word' id='word_1_195' title='bbox 1259 1667 1427 1707; x_wconf 86' lang='lat' dir='ltr'>nequam</span> 
     </span>
     <span class='ocr_line' id='line_1_30' title="bbox 315 1711 1427 1817; baseline 0 -17"><span class='ocrx_word' id='word_1_196' title='bbox 315 1711 1427 1855; x_wconf 51' lang='grc' dir='ltr'>ἓῗοῖἓὲἓῗςῗτῖ’ἕξιξὲωιῗξιῖᾱὲξῖῗέιξῖἓῖἲὲιῗζ</span> 
     </span>
    </p>

    <p class='ocr_par' dir='ltr' id='par_1_6' title="bbox 317 1815 1435 2191">
     <span class='ocr_line' id='line_1_31' title="bbox 372 1815 1424 1870; baseline -0.003 -14"><span class='ocrx_word' id='word_1_197' title='bbox 372 1815 435 1865; x_wconf 92' lang='grc' dir='ltr'>[Η</span> <span class='ocrx_word' id='word_1_198' title='bbox 439 1831 491 1856; x_wconf 85' lang='lat' dir='ltr'>aec</span> <span class='ocrx_word' id='word_1_199' title='bbox 510 1825 614 1864; x_wconf 90' lang='lat' dir='ltr'>sunt,</span> <span class='ocrx_word' id='word_1_200' title='bbox 630 1826 674 1856; x_wconf 91' lang='lat' dir='ltr'>ut</span> <span class='ocrx_word' id='word_1_201' title='bbox 684 1818 831 1869; x_wconf 85' lang='lat' dir='ltr'>opinor,</span> <span class='ocrx_word' id='word_1_202' title='bbox 846 1819 886 1856; x_wconf 90' lang='lat' dir='ltr'>in</span> <span class='ocrx_word' id='word_1_203' title='bbox 900 1832 939 1857; x_wconf 90' lang='lat' dir='ltr'>re</span> <span class='ocrx_word' id='word_1_204' title='bbox 955 1819 1143 1870; x_wconf 53' lang='lat' dir='ltr'>publica]</span> <span class='ocrx_word' id='word_1_205' title='bbox 1173 1817 1261 1868; x_wconf 88' lang='lat' dir='ltr'>Ego</span> <span class='ocrx_word' id='word_1_206' title='bbox 1279 1823 1424 1863; x_wconf 87' lang='lat' dir='ltr'>autem,</span> 
     </span>
     <span class='ocr_line' id='line_1_32' title="bbox 317 1871 1428 1919; baseline 0.001 -13"><span class='ocrx_word' id='word_1_207' title='bbox 317 1876 362 1906; x_wconf 90' lang='lat' dir='ltr'>ut</span> <span class='ocrx_word' id='word_1_208' title='bbox 392 1872 509 1909; x_wconf 91' lang='lat' dir='ltr'>semel</span> <span class='ocrx_word' id='word_1_209' title='bbox 538 1872 742 1910; x_wconf 81' lang='lat' dir='ltr'>Nonarum</span> <span class='ocrx_word' id='word_1_210' title='bbox 766 1872 920 1910; x_wconf 84' lang='lat' dir='ltr'>illarum</span> <span class='ocrx_word' id='word_1_211' title='bbox 945 1871 1234 1918; x_wconf 88' lang='lat' dir='ltr'>Decembrium,</span> <span class='ocrx_word' id='word_1_212' title='bbox 1253 1871 1428 1919; x_wconf 85' lang='lat' dir='ltr'>junctam</span> 
     </span>
     <span class='ocr_line' id='line_1_33' title="bbox 317 1922 1429 1975; baseline 0 -15"><span class='ocrx_word' id='word_1_213' title='bbox 317 1922 461 1963; x_wconf 74' lang='lat' dir='ltr'>invidia</span> <span class='ocrx_word' id='word_1_214' title='bbox 480 1938 522 1963; x_wconf 86' lang='lat' dir='ltr'>ac</span> <span class='ocrx_word' id='word_1_215' title='bbox 539 1925 752 1963; x_wconf 85' lang='lat' dir='ltr'>multorum</span> <span class='ocrx_word' id='word_1_216' title='bbox 774 1925 995 1974; x_wconf 82' lang='lat' dir='ltr'>inimicitiis,</span> <span class='ocrx_word' id='word_1_217' title='bbox 1015 1925 1196 1963; x_wconf 82' lang='lat' dir='ltr'>eximiam</span> <span class='ocrx_word' id='word_1_218' title='bbox 1220 1922 1429 1975; x_wconf 88' lang='lat' dir='ltr'>quamdam</span> 
     </span>
     <span class='ocr_line' id='line_1_34' title="bbox 320 1975 1430 2038; baseline -0.001 -24"><span class='ocrx_word' id='word_1_219' title='bbox 320 1985 436 2038; x_wconf 81' lang='lat' dir='ltr'>atque</span> <span class='ocrx_word' id='word_1_220' title='bbox 454 1978 712 2017; x_wconf 83' lang='lat' dir='ltr'>immortalem</span> <span class='ocrx_word' id='word_1_221' title='bbox 731 1978 892 2030; x_wconf 87' lang='lat' dir='ltr'>gloriam</span> <span class='ocrx_word' id='word_1_222' title='bbox 910 1987 1130 2018; x_wconf 84' lang='lat' dir='ltr'>consecutus</span> <span class='ocrx_word' id='word_1_223' title='bbox 1148 1991 1249 2025; x_wconf 85' lang='lat' dir='ltr'>sum,</span> <span class='ocrx_word' id='word_1_224' title='bbox 1269 1988 1347 2014; x_wconf 90' lang='lat' dir='ltr'>non</span> <span class='ocrx_word' id='word_1_225' title='bbox 1365 1975 1430 2014; x_wconf 88' lang='lat' dir='ltr'>de</span> 
     </span>
     <span class='ocr_line' id='line_1_35' title="bbox 324 2028 1429 2083; baseline 0.001 -17"><span class='ocrx_word' id='word_1_226' title='bbox 324 2031 404 2068; x_wconf 88' lang='lat' dir='ltr'>stiti</span> <span class='ocrx_word' id='word_1_227' title='bbox 422 2032 556 2070; x_wconf 84' lang='lat' dir='ltr'>eadem</span> <span class='ocrx_word' id='word_1_228' title='bbox 574 2032 692 2070; x_wconf 87' lang='lat' dir='ltr'>animi</span> <span class='ocrx_word' id='word_1_229' title='bbox 709 2033 1000 2083; x_wconf 88' lang='lat' dir='ltr'>magnitudine</span> <span class='ocrx_word' id='word_1_230' title='bbox 990 2045 1030 2070; x_wconf 89' lang='grc' dir='ltr'>ιιι</span> <span class='ocrx_word' id='word_1_231' title='bbox 1049 2045 1089 2070; x_wconf 86' lang='lat' dir='ltr'>re</span> <span class='ocrx_word' id='word_1_232' title='bbox 1107 2030 1259 2083; x_wconf 91' lang='lat' dir='ltr'>publica</span> <span class='ocrx_word' id='word_1_233' title='bbox 1276 2028 1429 2076; x_wconf 87' lang='lat' dir='ltr'>versari,</span> 
     </span>
     <span class='ocr_line' id='line_1_36' title="bbox 324 2081 1431 2138; baseline -0.001 -17"><span class='ocrx_word' id='word_1_234' title='bbox 324 2090 362 2120; x_wconf 86' lang='lat' dir='ltr'>et</span> <span class='ocrx_word' id='word_1_235' title='bbox 393 2085 502 2123; x_wconf 83' lang='lat' dir='ltr'>illam</span> <span class='ocrx_word' id='word_1_236' title='bbox 530 2086 744 2124; x_wconf 84' lang='lat' dir='ltr'>institutam</span> <span class='ocrx_word' id='word_1_237' title='bbox 773 2099 817 2124; x_wconf 86' lang='lat' dir='ltr'>ac</span> <span class='ocrx_word' id='word_1_238' title='bbox 841 2094 1052 2138; x_wconf 78' lang='lat' dir='ltr'>susceptam</span> <span class='ocrx_word' id='word_1_239' title='bbox 1077 2085 1301 2136; x_wconf 85' lang='lat' dir='ltr'>dignitatem</span> <span class='ocrx_word' id='word_1_240' title='bbox 1322 2081 1431 2121; x_wconf 85' lang='lat' dir='ltr'>tueri.</span> 
     </span>
     <span class='ocr_line' id='line_1_37' title="bbox 335 2135 1435 2191; baseline -0.002 -16"><span class='ocrx_word' id='word_1_241' title='bbox 335 2137 424 2187; x_wconf 82' lang='lat' dir='ltr'>Sed,</span> <span class='ocrx_word' id='word_1_242' title='bbox 443 2146 691 2190; x_wconf 64' lang='lat' dir='ltr'>posteaquam</span> <span class='ocrx_word' id='word_1_243' title='bbox 717 2139 887 2191; x_wconf 77' lang='lat' dir='ltr'>prImum</span> <span class='ocrx_word' id='word_1_244' title='bbox 906 2139 1031 2179; x_wconf 81' lang='lat' dir='ltr'>Clodii</span> <span class='ocrx_word' id='word_1_245' title='bbox 1047 2139 1281 2178; x_wconf 86' lang='lat' dir='ltr'>absolutione</span> <span class='ocrx_word' id='word_1_246' title='bbox 1303 2135 1435 2174; x_wconf 86' lang='lat' dir='ltr'>levita-</span> 
     </span>
    </p>
   </div>
   <div class='ocr_carea' id='block_1_3' title="bbox 325 2187 1513 2245">
    <p class='ocr_par' dir='ltr' id='par_1_7' title="bbox 325 2187 1513 2245">
     <span class='ocr_line' id='line_1_38' title="bbox 325 2187 1513 2245; baseline -0.003 -16"><span class='ocrx_word' id='word_1_247' title='bbox 325 2199 402 2229; x_wconf 76' lang='lat' dir='ltr'>tem</span> <span class='ocrx_word' id='word_1_248' title='bbox 432 2192 772 2245; x_wconf 88' lang='lat' dir='ltr'>infirmitatemque</span> <span class='ocrx_word' id='word_1_249' title='bbox 797 2194 1026 2243; x_wconf 85' lang='lat' dir='ltr'>judiciorum</span> <span class='ocrx_word' id='word_1_250' title='bbox 1057 2191 1261 2244; x_wconf 75' lang='lat' dir='ltr'>perspexi3</span> <span class='ocrx_word' id='word_1_251' title='bbox 1300 2188 1435 2228; x_wconf 85' lang='lat' dir='ltr'>deinde</span> <span class='ocrx_word' id='word_1_252' title='bbox 1512 2187 1513 2190; x_wconf 71' lang='grc'>’</span> 
     </span>
    </p>
   </div>
  </div>
 </body>
</html>
