1513 2382
386 86 469 125 AD
497 86 782 126 ATTICUM.
812 86 911 125 Lm.
943 87 977 126 Ι.
1005 89 1065 126 18.
1213 90 1287 134 167

175 201 413 246 anguntque,
452 207 539 246 quae
569 194 668 232 1111111
704 194 846 242 videor,
881 208 990 234 aures
1021 203 1153 234 nactus
1189 204 1289 243 tuas,

174 249 287 288 unius
305 249 575 287 ambulationis
594 260 766 287 sermone
785 249 984 287 exhaurire
1002 263 1122 301 posse.

234 306 298 341 Ac
316 302 610 341 domesticarum
637 302 793 353 quidem
827 303 1126 341 sollicitudinum
1149 304 1298 344 aculeos

176 367 308 395 omnes
327 364 364 395 et
389 357 585 407 scrupulos
614 357 840 402 occultab03
871 369 995 408 neque
1020 370 1089 408 ego
1107 357 1197 396 huic
1216 359 1296 409 epi-

175 411 282 449 stolae
301 418 417 462 atque
448 411 578 462 ignoto
597 410 793 448 tabellario
819 411 1070 448 committam.
1103 412 1237 463 Atque
1254 413 1296 449 hi

178 465 287 516 (nolo
305 465 408 503 enim
427 471 464 502 te
482 462 712 515 permoveri)
739 476 815 502 non
835 471 924 502 sunt
955 465 1198 516 permolesti3
1229 466 1293 504 sed

175 525 305 557 tamen
324 517 489 556 insident
507 525 544 556 et
561 525 712 569 urgent,
733 526 771 556 et
788 518 932 557 nullius
957 519 1119 558 amantis
1139 520 1294 558 consilio

178 579 248 611 aut
266 585 437 611 sermone
455 572 708 624 requiescunt.

235 627 285 664 In
314 640 355 664 re
385 626 542 677 publica
567 638 668 674 vero,
690 639 929 679 quamquam
954 627 1105 666 animus
1125 635 1180 666 est
1197 641 1295 680 prae-

179 692 280 729 sens,
301 688 430 718 tamen
449 681 623 718 voluntas
642 680 756 718 etiam
775 688 890 732 atque
905 682 1019 720 etiam
1037 682 1120 733 ipsa
1137 682 1293 721 medici-

180 746 273 772 nam
292 734 438 785 effugit.
467 734 589 782 Nam,
621 740 666 771 ut
695 748 739 772 ea
769 735 944 783 breviter,
965 749 1052 787 quae
1078 743 1164 786 post
1181 744 1295 774 tuum

179 788 386 827 discessum
416 796 499 826 acta
528 795 630 835 sunt,
662 788 853 838 colligam,
881 790 964 838 jam
997 790 1197 836 exclames,
1228 803 1295 828 ne-

181 854 280 880 cesse
299 850 368 890 est,
388 854 445 880 res
464 842 566 880 Rom
570 854 660 880 anas
685 842 830 880 diutius
851 850 948 881 stare
977 855 1054 881 non
1073 857 1192 894 posse.
1221 844 1295 882 Et

180 896 298 943 enim,
332 902 417 947 post
444 896 714 947 profectionem
732 904 854 944 tuam,
885 897 1034 948 primus
1065 902 1126 940 (ut
1144 898 1298 964 opinor)

178 949 356 988 introitus
379 949 488 987 fuit
477 962 518 987 111
548 962 700 988 causam
720 949 864 988 fabulae
893 951 1116 997 Clodianae3
1145 951 1186 989 in
1216 952 1295 1003 qua

180 1016 250 1055 ego
268 1011 414 1051 nactus,
441 1011 485 1041 ut
514 1003 611 1041 mihi
639 1003 807 1051 videbar,
828 1004 956 1042 locum
979 1004 1190 1043 resecandae
1207 1006 1295 1044 libi-

179 1057 292 1106 dinis,
314 1065 351 1096 et
369 1057 582 1095 co'eircendae
596 1057 824 1105 juventutis,
845 1058 1048 1097 vehemens
1065 1059 1137 1107 fui,
1158 1067 1195 1097 et
1213 1073 1296 1097 om-

177 1123 244 1150 nes
271 1111 426 1162 profudi
443 1111 539 1149 vires
559 1111 678 1149 animi
696 1118 811 1163 atque
837 1112 983 1162 ingenii
1000 1112 1092 1159 mei,
1112 1125 1190 1150 non
1208 1113 1295 1152 odio

175 1164 362 1203 adductus
393 1165 569 1214 alicujus,
589 1165 655 1203 sed
681 1178 746 1217 spe
764 1165 982 1217 reipublicae
994 1166 1236 1217 corrigendae,
1258 1175 1295 1206 et

175 1219 354 1258 sanandae
378 1219 553 1258 civitatis.
583 1219 743 1257 Afflicta
770 1220 984 1271 respublica
1002 1227 1058 1258 est
1086 1228 1187 1259 emto
1206 1233 1295 1259 cona

175 1280 423 1326 stupratoque
447 1273 604 1323 judicio.
633 1273 750 1323 Vide,
782 1287 870 1325 quae
901 1274 978 1313 sint
1005 1281 1137 1325 postea
1166 1288 1294 1314 conse-

173 1336 274 1365 cuta-

231 1381 376 1420 Consul
394 1388 450 1419 est
467 1380 668 1433 impositus
682 1381 714 1420 is
732 1382 854 1429 nobis,
876 1395 992 1434 quem
1011 1395 1139 1431 nemo,
1159 1390 1295 1435 praeter

176 1447 246 1473 nos
278 1435 536 1487 philosophos,
583 1435 774 1487 adspicere
811 1437 892 1475 sine
928 1437 1120 1487 suspiratu
1156 1445 1294 1488 posset.

178 1489 384 1536 Quantum
415 1490 488 1527 hoc
523 1490 690 1528 vulnus!
722 1490 840 1528 Facto
873 1491 1215 1529 senatus-consulto
1247 1491 1294 1529 de

177 1543 341 1591 ambitu,
362 1543 409 1582 de
424 1543 592 1593 judiciis,
613 1544 722 1581 nulla
739 1544 803 1582 lex
821 1545 980 1596 perlata,
1003 1545 1215 1595 exagitatus
1235 1557 1293 1583 se-

177 1603 303 1645 natus,
329 1597 483 1635 alienati
508 1597 653 1649 equites
683 1598 865 1636 Romani.
896 1599 958 1637 Sic
981 1598 1046 1636 ille
1076 1611 1198 1636 annus
1217 1599 1295 1637 duo

177 1650 419 1689 firmamenta
454 1651 685 1703 reipublicae,
719 1665 788 1703 per
823 1665 885 1690 me
915 1664 1039 1690 unum
1075 1652 1292 1700 constituta,

177 1705 336 1743 evertit:
367 1718 459 1743 nam
478 1714 515 1743 et
533 1708 682 1744 senatus
713 1707 976 1745 auctoritatem
995 1707 1146 1756 abjecit,
1167 1707 1205 1744 et
1233 1720 1294 1746 or-

173 1758 310 1797 diuum
330 1759 568 1797 concordiam
586 1760 785 1810 disjunxit.

228 1813 353 1852 Instat
371 1813 436 1851 hic
454 1826 557 1852 nunc
574 1814 640 1852 ille
659 1827 783 1852 annus
804 1814 990 1866 egregius.
1018 1813 1118 1863 Ejus
1137 1814 1291 1852 initium

174 1867 363 1917 ejusmodi
381 1867 469 1917 fuit,
488 1875 533 1905 ut
558 1868 812 1907 anniversaria
837 1881 942 1906 sacra
970 1868 998 1906 J
1001 1868 1189 1906 uventatis
1214 1880 1291 1905 non

173 1922 524 1961 committerentur:
555 1934 647 1960 nam
683 1922 746 1960 M.
780 1922 937 1961 Luculli
966 1935 1128 1960 uxorem
1159 1922 1292 1960 Mem-

174 1975 278 2014 mius
296 1976 374 2014 suis
392 1976 504 2015 sacris
518 1976 694 2014 initiavit.
736 1977 956 2024 Menelaus,
973 1990 1070 2027 aegre
1084 1976 1124 2014 id
1142 1989 1289 2027 passus,

176 2030 382 2068 divortium
402 2030 501 2069 fecit.
531 2030 785 2082 Quamquam
796 2030 861 2069 ille
872 2037 1000 2082 pastor
1012 2030 1140 2069 Idaeus
1154 2030 1291 2069 Mene-

175 2083 284 2122 l'aum
307 2085 431 2123 solum
450 2092 725 2130 contemserat3
756 2084 819 2123 hic
837 2092 961 2123 noster
982 2085 1090 2123 Paris
1109 2092 1189 2122 tam
1202 2085 1292 2122 Me-

175 2138 346 2187 nelaum,
381 2152 500 2191 quam
531 2139 884 2189 Agamemnonem,
913 2139 1079 2178 liberum
1110 2151 1188 2178 non
1220 2151 1292 2189 pu-

175 2193 279 2232 tavit.
302 2207 306 2210 ·
