1513 2382
206 126 287 164 368
396 125 480 164 AD
506 123 793 164 ATTICUM.
823 126 923 165 Lm.
945 125 1070 166 VIII.
1099 127 1141 164 3.

443 230 532 286 (3.)
565 233 778 273 CICERO
806 233 1025 273 ATTICO
1053 234 1095 273 S.

257 340 447 380 Maximis
466 349 505 380 et
517 341 740 380 miserrimis
759 342 872 380 rebus
890 343 1149 393 perturbatus,
1162 353 1253 380 cum
1267 353 1330 380 oo-

205 408 290 433 ram
309 402 438 434 tecum
467 395 564 433 mihi
590 403 756 446 potestas
781 395 1017 433 deliberandi
1038 407 1115 433 non
1141 402 1251 443 esset,
1272 395 1331 433 uti

202 456 333 487 tamen
363 456 432 487 tuo
457 449 614 488 consilio
632 450 750 487 volui.
791 449 1029 487 Deliberatio
1054 456 1184 487 autem
1203 449 1329 488 omnis

199 503 282 540 haec
301 509 356 541 est
373 517 383 540 ε
415 503 446 541 si
467 503 676 554 Pompeius
696 501 810 541 Italia
829 502 936 540 cedat
955 502 1077 554 (quod
1096 515 1186 541 eum
1205 502 1329 541 factu-

200 569 289 594 rum
319 570 397 595 esse
426 555 630 608 suspicor),
651 556 745 608 quid
764 555 861 593 mihi
886 556 1080 606 agendum
1105 564 1217 608 putes
1231 571 1243 594 =
1275 563 1327 604 et,

202 623 280 661 quo
305 610 452 648 facilius
482 610 683 648 consilium
710 610 800 648 dare
821 610 968 661 possis;
999 609 1095 662 quid
1112 610 1153 647 in
1180 618 1328 648 utram-

200 677 277 715 que
294 672 443 715 partem
462 664 561 701 mihi
579 664 619 702 in
638 672 808 702 mentem
828 663 968 711 veniat,
990 664 1189 715 explicabo
1207 663 1326 703 brevi.

256 717 358 756 Cum
377 717 514 756 merita
533 718 711 769 Pompeii
730 730 883 756 summa
895 731 985 768 erga
1003 718 1166 756 salutem
1181 729 1324 765 meam,

199 771 528 823 familiaritasque,
556 785 643 823 quae
666 771 764 810 mihi
783 784 872 810 cum
892 784 936 809 eo
956 779 1024 820 est,
1045 779 1132 809 tum
1149 771 1234 823 ipsa
1251 771 1326 810 rei-

198 825 365 876 publicae
390 839 504 864 causa
535 838 599 864 me
631 825 801 873 adducit,
834 832 879 863 ut
906 825 1003 863 mihi
1032 826 1093 864 vel
1122 824 1326 864 consilium

198 891 331 917 meum
351 892 441 917 cum
459 879 563 918 illius
581 879 751 928 consilio,
772 879 833 917 vel
849 879 1005 917 fortuna
1021 878 1131 928 [011111
1145 879 1322 931 fortuna]

197 932 465 984 conjungenda
484 946 563 971 esse
582 933 766 971 videatur.
795 933 960 970 Accedit
975 933 1095 971 11111(1·
1117 932 1150 970 si
1168 944 1322 994 maneo,

197 993 235 1024 et
253 987 367 1024 illum
387 987 612 1025 comitatum
639 987 873 1046 optimorum
899 993 936 1024 et
954 986 1250 1025 clarissimorum
1269 986 1324 1024 ci-

195 1039 303 1078 vium
337 1040 480 1087 desero,
516 1040 731 1078 cadendum
765 1046 821 1077 est
851 1039 893 1076 in
920 1039 1036 1078 unius
1066 1047 1319 1100 potestatem·
1307 1068 1320 1086 ‚

197 1093 266 1145 qui
285 1094 354 1132 etsi
372 1093 506 1132 multis
526 1095 641 1132 rebus
657 1093 844 1144 significat
863 1105 903 1131 se
918 1093 1027 1131 nobis
1042 1106 1121 1132 esse
1139 1093 1322 1142 31111011111,

195 1155 247 1194 01,
267 1154 312 1185 ut
331 1154 439 1195 esset,
460 1161 484 1185 a
501 1160 564 1185 me
584 1154 639 1185 est
660 1148 760 1199 (tute
779 1145 869 1195 scis)
895 1155 1049 1198 propter
1069 1147 1322 1198 suspicionem

193 1201 312 1251 hujus
325 1201 582 1252 impendentis
595 1200 844 1252 tempffimtis,
861 1201 985 1239 multo
999 1208 1086 1239 ante
1100 1201 1319 1252 provisum3

194 1261 326 1293 tamen
344 1262 554 1306 utrumque
573 1255 890 1293 considerandum
916 1262 985 1301 est,
1007 1262 1044 1292 et
1062 1261 1208 1306 quanta
1227 1254 1322 1293 fides

197 1308 232 1346 ei
252 1308 299 1346 sit
317 1308 494 1346 habenda
513 1322 524 1354 3
555 1316 605 1355 et,
635 1309 666 1347 si
685 1309 856 1347 maxime
875 1309 1115 1359 exploratum
1143 1321 1231 1346 eum
1251 1320 1321 1345 no-

194 1362 253 1400 bis
272 1362 442 1400 amicum
461 1362 554 1409 fore,
575 1362 672 1400 sitne
685 1362 756 1400 viri
774 1362 881 1400 fortis
896 1370 933 1399 et
946 1361 1037 1399 boni
1056 1361 1160 1409 civis,
1181 1374 1260 1400 esse
1278 1361 1319 1399 in

196 1416 243 1453 03
262 1416 383 1464 Urbe,
403 1416 444 1453 in
464 1417 542 1467 qua
559 1429 648 1454 cum
668 1416 829 1454 summis
846 1415 1054 1454 honoribus
1071 1415 1319 1466 imperiisque

195 1482 287 1507 usus
307 1470 368 1518 sit,
388 1482 447 1507 res
464 1470 654 1508 maximas
673 1469 840 1520 gesserit,
871 1468 1076 1508 sacerdotio
1094 1469 1143 1507 sit
1160 1469 1319 1520 amplis-

195 1523 292 1561 simo
324 1523 522 1575 praeditus,
556 1536 634 1561 non
661 1523 815 1561 futurus
834 1524 883 1562 sit
911 1523 971 1561 sui
995 1522 1118 1572 juris:
1149 1524 1318 1561 subeun-

194 1577 368 1628 dumque
395 1577 610 1628 periculum
638 1578 700 1625 sit,
725 1590 813 1615 cum
841 1577 971 1629 aliquo
997 1577 1095 1614 forte
1121 1575 1315 1624 dedecore,

193 1630 350 1682 quando
370 1631 579 1683 Pompeius
597 1631 875 1682 rempublicam
903 1630 1146 1682 recuperarit.
1176 1629 1225 1668 In
1243 1631 1317 1670 hac

194 1693 303 1736 parte
320 1684 403 1723 haec
421 1693 522 1723 sunt.
552 1685 655 1724 Vide
673 1697 790 1732 nunc,
811 1699 899 1737 quae
918 1685 992 1723 sint
1010 1685 1050 1722 in
1069 1683 1197 1722 altera.

247 1739 360 1777 Nihil
379 1746 509 1777 actum
528 1747 584 1778 est
602 1753 625 1777 a
644 1739 831 1789 Pompeio
849 1747 976 1777 nostro
995 1738 1196 1790 sapienter,
1216 1738 1315 1777 nihil

192 1792 339 1831 fortiter
355 1807 366 1839 ς
412 1793 510 1831 addo
546 1794 675 1840 etiam,
713 1793 810 1830 nihil
842 1793 916 1831 nisi
947 1800 1078 1832 contra
1114 1792 1315 1830 consilium

194 1847 535 1898 auctoritatemque
553 1860 692 1885 meam.
723 1846 874 1886 Omitto
892 1847 959 1885 illa
976 1853 1115 1893 vetera,
1142 1846 1245 1897 quod
1264 1846 1314 1884 is-

193 1907 280 1937 tum
299 1900 339 1938 in
359 1902 636 1952 rempublicam
665 1902 729 1939 ille
749 1901 858 1948 aluit,
885 1901 1007 1947 auxit,
1028 1900 1217 1938 armavit:
1248 1899 1313 1938 ille

192 1953 341 2004 legibus
366 1968 434 2005 per
452 1955 532 1993 vim
560 1962 597 1993 et
623 1963 752 1993 contra
779 1955 947 2007 auspicia
973 1953 1136 1992 ferendis
1154 1960 1310 1991 auctor:

192 2008 262 2045 ille
288 2008 426 2046 Galliae
455 2009 642 2047 ulterioris
662 2009 889 2058 adjunctor.
878 2024 888 2033 ·
919 2009 984 2047 ille
1001 2020 1142 2059 gener:
1173 2007 1251 2055 ille,
1271 2007 1312 2044 in

193 2061 411 2113 adoptando
440 2063 485 2100 P.
512 2063 661 2110 Clodio,
693 2077 842 2114 augur:
872 2063 938 2101 ille
965 2061 1188 2100 restituendi
1219 2060 1310 2109 mei,

191 2128 311 2166 quam
329 2116 530 2165 retinendi,
556 2117 784 2155 studiosior.
814 2117 880 2156 ille
904 2115 1107 2168 provinciae
1124 2127 1314 2166 propaga—

185 2176 271 2206 tor:
302 2170 367 2208 1110
391 2146 557 2209 absentis
581 2171 620 2208 in
649 2172 829 2210 omnibus
857 2171 1034 2221 adjutor.
1065 2169 1168 2207 idem
1195 2168 1312 2207 etiam

188 2222 297 2262 tertio
323 2225 535 2275 consulatu,
563 2233 766 2277 postquam
797 2239 874 2265 esse
899 2225 1073 2267 defensor
1090 2222 1311 2274 reipublicae
