1513 2382
323 84 406 122 AD
435 83 729 124 DIVERSOS.
764 85 862 122 Lm.
893 85 987 123 XV.
1017 87 1054 122 2.
1190 85 1241 121 85

126 198 183 228 ter
213 189 392 230 itinerum
425 199 463 230 et
498 192 784 243 navigationum
815 192 1081 230 difficultatem
1116 192 1245 231 venire

124 244 360 295 potuissem,
390 246 560 284 maxime
591 247 790 285 convenire
819 246 941 285 officio
974 258 1075 293 meo,
1110 246 1242 297 reique

125 298 291 348 publicae
309 299 530 347 conducere,
556 300 702 351 putavi,
723 313 856 351 parare
875 314 932 343 ea,
953 313 1041 350 quae
1066 299 1115 337 ad
1134 313 1241 337 exer-

124 351 258 399 citum,
279 366 443 405 quaeque
462 353 510 391 ad
523 367 604 392 rem
623 354 842 400 militarem,
863 354 1106 405 pertinerent.
1140 353 1242 400 Quae

125 417 215 444 cum
244 415 366 445 essent
395 420 418 444 a
448 419 526 454 me,
556 408 646 446 cura
670 408 793 458 magis
818 416 855 445 et
881 407 1093 458 diligentia,
1122 420 1240 458 quam

122 459 302 498 facultate
327 469 364 499 et
382 460 505 511 copia,
530 461 746 508 constituta,
774 461 978 512 nuntiique
1001 468 1038 498 et
1055 461 1175 498 literae
1193 460 1242 498 de

122 514 223 552 beno
242 527 266 552 a
284 514 437 553 Parthis
456 515 495 552 in
522 515 758 566 provinciam
785 515 937 566 Syriam
965 515 1086 562 illato,
1115 515 1241 565 quoti-

122 566 183 605 die
200 567 278 605 fere
296 569 544 615 afferrentur;
573 569 644 608 iter
662 569 760 607 mihi
789 569 1008 606 faciendum
1027 581 1094 619 per
1113 568 1242 619 Lyca-

121 621 266 670 oniam,
294 631 332 661 et
361 636 428 674 per
458 623 628 672 Isauros,
655 630 691 661 et
716 637 783 674 per
803 622 1101 673 Cappadociam,
1139 622 1240 660 arbi-

120 682 241 713 tratus
271 689 370 714 sum.
398 677 496 715 Erat
514 677 617 715 enim
642 690 784 727 magna
810 676 988 727 suspicio,
1010 676 1186 722 Parthos,
1209 676 1241 714 si

121 741 170 766 ex
189 728 299 780 Syria
329 730 470 781 egredi,
501 738 616 782 atque
641 731 853 781 irrumpere
875 731 915 767 in
934 743 1062 768 meam
1085 730 1241 781 provin-

120 782 218 820 ciam
238 792 475 831 conarentur,
496 784 566 822 iter
585 797 646 823 eos
666 797 734 835 per
753 784 1053 835 Cappadociam,
1074 783 1177 835 quod
1197 796 1242 822 ea

119 836 288 875 maxime
306 845 463 889 pateret,
484 850 563 876 esse
581 838 757 876 facturos.

173 891 326 942 Itaque,
360 905 449 930 cum
483 892 662 939 exercitu,
701 905 769 942 per
803 891 1055 942 Cappadociae
1091 898 1240 942 partem

120 957 204 982 eam
224 958 311 995 quae
329 958 418 983 cum
440 945 574 983 Cilicia
594 946 788 984 continens
814 952 883 992 est,
903 945 976 983 iter
994 945 1079 993 feci,
1101 953 1240 983 castra-

120 1011 194 1050 que
205 998 253 1036 ad
267 999 443 1050 Cybistra
466 999 588 1051 (quod
603 999 789 1050 oppidum
809 1007 864 1037 est
879 999 928 1036 ad
946 1006 1116 1036 montem
1132 999 1241 1037 Tau-

119 1051 226 1102 rum)
259 1052 403 1098 locavi;
434 1061 478 1090 ut
509 1052 732 1099 Artuasdes,
765 1066 832 1090 rex
862 1052 1088 1099 Armenius,
1125 1053 1241 1103 (quo-

118 1119 284 1157 cumque
298 1106 426 1144 animo
446 1105 560 1156 esset)
582 1107 704 1154 sciret,
719 1119 798 1144 non
817 1106 951 1157 procul
965 1119 987 1143 a
1002 1106 1079 1144 suis
1098 1106 1241 1144 finibus

66 1205 70 1206 ⁷
117 1160 325 1199 exercitum
345 1160 480 1212 populi
498 1160 667 1199 Romani
687 1173 765 1198 esse
782 1174 792 1204 ;
825 1167 861 1198 et
881 1159 1123 1206 Deiotarum,
1145 1159 1239 1197 fide-

115 1214 306 1252 lissimum
331 1227 459 1265 regem
479 1222 594 1266 atque
619 1214 894 1252 amicissimum
913 1213 1131 1264 reipublicae
1150 1225 1240 1251 nos-

115 1275 197 1316 trae,
217 1268 387 1306 maxime
406 1269 654 1318 conjunctum
671 1269 866 1313 haberem,
894 1268 1003 1316 cujus
1028 1275 1065 1305 et
1083 1267 1238 1305 consilio

117 1331 155 1360 et
173 1322 309 1373 opibus
325 1322 502 1372 adjuvari
516 1331 640 1373 posset
658 1322 883 1373 respublica„

171 1375 263 1423 Quo
281 1389 370 1414 cum
401 1376 441 1413 in
464 1377 546 1415 loco
571 1385 691 1414 castra
719 1376 914 1421 haberem,
947 1373 1238 1425 equitatumque

116 1430 157 1468 in
177 1429 352 1468 Ciliciam
377 1430 579 1478 misissem,
600 1440 644 1468 ut
670 1438 706 1468 et
724 1442 834 1468 meus
852 1428 1037 1466 adventus
1066 1428 1113 1466 iis
1146 1428 1237 1466 civi-

117 1483 275 1531 tatibus,
292 1497 383 1535 quae
401 1484 441 1521 in
461 1485 505 1522 ea
535 1491 642 1535 parte
661 1490 797 1531 essent,
818 1482 1029 1528 nuntiatus,
1050 1481 1236 1520 firmiores

119 1538 265 1577 animos
284 1537 459 1575 omnium
476 1538 639 1583 faceret;
670 1545 707 1576 et
721 1550 790 1588 ego
808 1545 972 1581 mature,
994 1535 1089 1585 quid
1107 1548 1237 1585 agere-

118 1601 182 1631 tur
199 1592 240 1629 in
255 1591 383 1642 Syria,
399 1592 492 1630 scire
507 1604 681 1643 possem3
712 1599 864 1641 tempus
880 1591 962 1638 ejus
982 1588 1113 1635 tridui,
1131 1588 1237 1639 quod

120 1647 160 1684 in
179 1645 239 1683 his
259 1645 387 1683 castris
405 1648 595 1692 morabar,
615 1646 655 1682 in
673 1656 815 1695 magno
834 1643 956 1681 officio
976 1650 1013 1680 et
1031 1642 1239 1680 necessario

118 1700 216 1739 mihi
229 1698 451 1750 ponendum
469 1699 614 1750 pumxi.
647 1698 750 1738 Cum
770 1697 873 1736 enim
892 1704 1015 1734 vestra
1033 1695 1236 1733 auctoritas

117 1752 397 1799 intercessisset,
418 1760 462 1791 ut
487 1766 556 1804 ego
576 1766 704 1804 regem
723 1752 1039 1793 Ariobarzanem,
1060 1750 1236 1787 Euseben

119 1818 156 1848 et
170 1807 513 1855 Philorhomaeum,
529 1815 667 1854 tuerer,
682 1807 839 1856 ejusque
858 1803 956 1853 regis
976 1803 1154 1849 salutem,
1174 1802 1235 1840 in-

118 1861 392 1907 columitatem,
411 1873 665 1912 regnumque,
692 1859 960 1901 defenderem3
990 1856 1070 1907 regi
1098 1868 1235 1906 regno-

117 1929 193 1969 que
209 1914 384 1967 praesidio
403 1927 547 1953 essem:
578 1913 937 1963 adjunxissetisque,
958 1909 1121 1947 salutem
1151 1910 1234 1958 ejus

115 1969 214 2021 regis
248 1968 392 2020 populo
428 1968 652 2019 senatuique
683 1979 834 2017 magnae
863 1977 963 2002 curae
999 1976 1090 2010 esse,
1129 1963 1234 2014 quod

118 2024 226 2064 nullo
243 2034 417 2072 unquam
446 2022 494 2060 de
512 2035 599 2073 rege
617 2021 811 2059 decretum
831 2024 927 2056 esset
944 2030 967 2055 a
985 2025 1113 2054 nostro
1132 2016 1234 2054 ordi-

117 2091 189 2118 ne:
219 2075 447 2123 existimavi,
466 2088 531 2114 me
549 2075 740 2125 judicium
759 2081 927 2111 vestrum
946 2070 996 2108 ad
1016 2082 1144 2120 regem
1167 2069 1234 2108 de-

118 2133 216 2171 ferre
237 2129 387 2176 debere,
421 2129 532 2180 eique
560 2128 780 2180 praesidium
805 2137 950 2172 meum,
982 2132 1020 2162 et
1043 2123 1174 2171 fidem,
1194 2131 1232 2161 et

116 2183 368 2234 diligentiam,
390 2183 556 2234 polliceri
573 2197 582 2220 :
617 2190 657 2221 ut
677 2186 783 2225 (cum
803 2179 904 2218 salus
921 2178 1055 2228 ipsius,
1076 2184 1113 2216 et
1131 2176 1235 2215 inco-

171 2238 340 2290 (Epist.)
363 2247 466 2275 τοι.
490 2247 542 2274 11.
933 2243 950 2268 1
