1513 2382
353 123 437 164 AD
465 120 763 163 DIVERSOS.
794 121 896 161 1¹13.
921 121 1042 162 XVI.
1076 122 1138 161 16.
1241 124 1316 169 127

197 241 341 281 tamen,
361 232 466 284 quod
490 231 643 284 negavit
661 238 700 270 te
721 231 888 283 potuisse
907 231 956 269 ad
975 243 1038 269 me
1057 231 1232 279 scribere,
1253 245 1319 270 cu-

196 301 279 326 ram
301 287 399 325 mihi
421 287 564 334 attulit,
592 295 629 324 et
647 298 691 324 eo
709 286 847 336 magis,
874 285 979 336 quod
999 285 1176 332 Hermia,
1202 299 1319 337 quem

195 341 328 380 eodem
346 341 408 379 die
426 341 554 378 venire
572 347 805 391 oportuerat,
834 351 910 377 non
940 347 1105 378 venerat.
1148 340 1319 378 Incredi-

192 396 263 434 bili
281 408 368 434 sum
395 393 647 433 sollicitudine
672 393 720 432 de
738 393 806 431 tua
827 393 1069 440 valetudine3
1100 394 1179 446 qu‘a
1205 394 1236 432 si
1254 406 1318 432 me

191 449 378 496 liberaris,
398 461 468 499 ego
487 456 524 486 te
543 447 650 486 omni
664 447 755 486 cura
768 447 950 486 liberabo.

249 504 370 541 Plura
394 502 610 550 scriberem,
644 502 676 540 si
697 503 780 552 jam
798 509 991 553 putarem,
1020 501 1181 540 libenter
1200 509 1237 540 te
1264 502 1318 540 le-

192 570 281 609 gere
294 570 415 609 posse.
444 556 653 607 Ingenium
668 563 796 604 tuum,
813 555 917 607 quod
932 570 1002 607 ego
1024 556 1188 594 maximi
1205 556 1317 605 facio,

192 612 321 650 confer
349 611 399 648 ad
427 618 465 648 te
493 610 591 648 mihi
617 609 764 661 tibique
794 610 1108 649 conservandum.
1158 610 1262 648 Cura
1282 617 1319 649 te

194 666 311 704 etiam
330 672 446 716 atque
461 664 576 702 etiam
595 664 808 715 diligenter.
837 664 948 702 Vale.

248 719 399 770 Scripta
413 719 495 768 jam
515 718 692 769 epistola,
710 717 874 756 Hermia
891 718 1007 757 venit.
1041 718 1189 770 Accepi
1207 724 1316 757 tuam

192 773 406 825 epistolam,
438 771 704 810 vacillantibus
733 772 916 810 literulis:
946 785 1016 812 nec
1044 773 1204 820 mirum,
1236 779 1317 810 tam

193 827 302 879 gravi
325 828 471 865 morbo.
508 826 596 876 Ego
624 826 674 863 ad
696 832 733 863 te
752 826 968 877 AEgyptam
987 827 1091 873 misi,
1124 826 1228 877 quod
1247 839 1316 864 nec

194 881 429 919 inhumanus
454 888 523 928 est,
551 886 589 917 et
616 887 653 917 te
680 879 784 918 visus
810 888 866 918 est
887 880 985 918 mihi
1017 881 1189 931 diligere,
1222 888 1267 918 ut
1285 880 1316 919 is

191 943 320 975 tecum
339 942 461 982 esset3
491 942 529 974 et
541 946 631 973 cum
646 946 690 973 eo
702 946 883 986 coquum,
905 947 982 987 quo
995 936 1115 973 utere.
1147 934 1260 974 Vale.

191 1101 311 1158 (16.)
361 1100 623 1147 QUINTUS
654 1098 871 1140 CICERO
914 1099 977 1139 M.
1013 1098 1312 1149 CICERONI,

527 1154 760 1205 FRATRI,
792 1156 832 1194 S.
849 1155 897 1194 P.
915 1154 972 1193 D.

243 1261 572 1321 (Argumentum.
587 1258 826 1307 —Quintus
843 1257 953 1297 fratri
984 1258 1032 1297 de
1059 1256 1205 1296 Tirone
1229 1271 1314 1297 ma-

190 1316 362 1355 numisso
380 1322 418 1354 et
434 1314 576 1367 gratias
594 1313 674 1365 agit
692 1321 729 1352 et
747 1313 996 1365 gratulatur.)

243 1423 308 1462 De
332 1423 491 1472 Tirone,
510 1422 567 1460 mi
591 1421 741 1470 Marce,
768 1421 823 1460 ita
849 1428 901 1469 te,
929 1433 1140 1473 meumque
1161 1420 1315 1460 CicerO=

191 1491 296 1525 nem,
316 1485 354 1515 et
380 1490 509 1515 meam
527 1475 757 1524 Tulliolam,
777 1485 969 1527 tuumque
996 1475 1122 1520 filium
1146 1475 1313 1523 videam,

190 1540 236 1570 ut
252 1531 351 1569 mihi
364 1531 623 1582 gratissimum
643 1529 778 1577 fecisti,
800 1542 889 1568 cum
908 1542 1012 1577 eum,
1027 1529 1231 1580 indignum
1246 1530 1316 1568 illa

191 1585 361 1633 fortuna,
381 1585 491 1623 nobis
509 1585 679 1623 amicum
706 1596 825 1635 quam
850 1596 1004 1622 servum
1022 1595 1102 1621 esse
1126 1584 1311 1622 maluisti.

191 1639 299 1679 Mihi
313 1639 434 1687 crede,
450 1639 527 1677 tuis
546 1646 583 1677 et
601 1638 704 1676 illius
721 1637 840 1676 literis
858 1636 1045 1689 perlectiS,
1067 1636 1204 1675 exsilui
1218 1651 1314 1689 gau-

192 1693 283 1739 dio;
313 1700 351 1731 et
369 1693 441 1731 tibi
459 1699 496 1731 et
514 1705 586 1743 ago
604 1692 744 1743 gratias
763 1699 801 1730 et
818 1692 1002 1743 gratulor.
1034 1691 1076 1729 Si
1094 1691 1197 1729 enim
1216 1692 1314 1729 mihi

193 1747 307 1787 Statii
334 1746 496 1785 fidelitas
528 1754 583 1784 est
607 1753 725 1785 tantae
755 1745 972 1797 voluptati,
960 1758 970 1768 ·
1003 1744 1138 1795 quanti
1166 1758 1245 1783 aese
1271 1745 1312 1783 in

191 1802 264 1840 isto
282 1800 364 1840 haec
382 1800 515 1839 eadem
532 1801 635 1839 bona
652 1800 806 1847 debent,
826 1799 964 1838 additis
982 1798 1113 1846 literiS‚
1130 1799 1314 1837 sermoni-

191 1857 280 1904 bus,
299 1854 553 1902 humanitate,
575 1867 662 1906 quae
680 1862 770 1893 sunt
787 1853 876 1900 his
865 1866 905 1904 1p
908 1853 957 1891 sis
975 1852 1186 1891 commodis
1212 1853 1312 1905 poti-

191 1911 290 1949 ora?
319 1909 427 1947 Amo
444 1915 482 1947 te
501 1908 680 1946 omnibus
699 1867 905 1959 equidemP
895 1905 1076 1944 maximis
1101 1906 1149 1944 de
1173 1908 1310 1956 causis,

192 1976 327 2003 verum
350 1963 466 2001 etiam
494 1968 648 2013 propter
676 1961 789 2008 hanc,
821 1961 884 1999 vel
911 1960 1015 2011 quod
1043 1959 1141 1998 mihi
1169 1961 1236 2007 sic,
1267 1970 1312 1999 ut

120 2037 125 2051 x
194 2017 374 2065 debuisti,
400 2016 600 2054 nuntiasti.
630 2015 692 2054 Te
716 2022 842 2053 totum
859 2014 901 2052 in
919 2014 1036 2052 literis
1054 2013 1146 2053 vidi.
1178 2015 1311 2055 Sabim

194 2071 323 2123 pueris
342 2077 379 2109 et
392 2070 550 2123 promisi
568 2069 712 2119 omnia,
732 2078 769 2108 et
787 2068 940 2108 faciam.
971 2068 1081 2108 Vale.
