1513 2382
237 64 325 101 346·
427 64 506 102 AD
534 63 821 103 ATTICUM.
850 64 950 102 Lm.
973 63 1074 102 VII.
1106 63 1168 100 11.

233 182 334 208 nem.
365 170 480 209 Habe
506 180 549 209 tu
574 174 759 210 nostrum.
790 170 1015 209 Exercitum
1032 177 1075 208 tu
1094 169 1234 208 habeas
1260 168 1347 207 diu-

234 224 323 270 tius,
344 237 463 285 quam
473 225 639 285 populus
651 225 778 274 jussit,
791 225 910 263 invito
929 231 1084 262 senatu
1073 223 1091 248 ⁹
1119 223 1345 274 Depugnae,

233 285 396 327 oportet,
412 278 485 316 nisi
503 279 686 317 concedis.
717 279 820 317 Cum
837 279 939 316 bona
957 277 1113 328 quidem
1133 289 1211 327 spe,
1230 285 1276 314 ut
1293 275 1348 313 ait

233 329 351 390 idem,
372 331 433 369 vel
463 332 651 380 vincendi,
679 333 768 370 vel'
758 345 798 370 m
828 332 1001 370 libertate
1025 329 1224 369 moriendi.
1252 329 1348 368 Jam

235 383 267 421 si
286 385 539 435 pugnandum
559 393 641 430 θεῖς
672 399 749 437 quo
764 393 947 436 tempore,
963 384 1003 422 in
1015 397 1134 429 casu;
1164 396 1242 434 quo
1259 394 1350 422 con-

234 437 362 484 silio,
352 451 393 476 ιιι
412 440 662 490 temporibus,
683 440 802 477 situm
821 446 889 476 est.
919 439 1057 489 Itaque
1072 445 1108 475 te
1125 437 1166 474 in
1180 449 1225 474 ea
1243 448 1349 488 quae-

236 490 356 529 stione
375 504 452 530 non
472 505 638 530 exerceo.
664 492 732 530 Ad
758 506 815 539 ea,
837 505 923 543 quae
949 491 1044 539 dixi,
1065 491 1171 539 affer,
1195 490 1228 529 si
1256 487 1351 542 quid

238 543 367 584 habes.
397 545 593 597 Equidem
612 545 692 584 dies
709 552 914 597 noctesque
931 551 1123 596 torqueor.

457 704 568 758 (ιο.)
600 705 811 745 CICERO
839 704 1060 744 ATTICO
1089 705 1130 744 s,

291 813 427 852 Subito
446 813 648 851 consilium
671 814 768 865 cepi,
796 821 853 861 ut,
880 821 1088 865 antequam
1112 813 1268 861 luceret,
1287 825 1354 851 ex-

236 865 358 911 irem3
390 879 437 905 ne
457 867 524 918 qui
543 875 763 918 conspectus
778 868 897 914 fieret,
918 875 985 905 aut
1003 880 1139 915 sermo,
1158 866 1353 905 lictoribus

235 920 445 970 praesertim
475 921 666 959 laureatis.
711 921 774 958 De
805 921 966 971 reliquo,
1003 933 1128 972 neque
1165 919 1353 972 (hercule)

239 973 334 1024 quid
351 987 478 1024 agam,
499 986 568 1012 nec
588 974 683 1025 quid
695 982 846 1012 acturus
861 975 948 1020 sim,
964 974 1066 1013 scio.
1056 988 1066 999 ·
1096 974 1150 1011 ita
1163 986 1251 1011 sum
1267 985 1353 1023 per-

238 1028 414 1065 turbatus
441 1028 651 1066 temeritate
669 1028 786 1066 nostri
806 1027 1056 1066 amentissimi
1073 1026 1231 1066 consilji,
1259 1025 1355 1064 Tibi

237 1093 326 1118 vero
355 1080 449 1132 quid
468 1081 663 1129 suadeam,
684 1082 794 1130 cujus
819 1082 899 1133 ipse
918 1081 1120 1120 consilium
1142 1080 1352 1131 exspecto?

237 1133 378 1172 Cnaeus
397 1143 521 1173 noster
541 1135 636 1186 quid
665 1135 811 1173 consilii
830 1135 984 1186 ceperit,
1010 1135 1193 1186 capiatve,
1212 1132 1352 1181 nescio,

237 1187 389 1226 adhuc
378 1200 420 1225 ιιι
439 1188 588 1248 oppidis
603 1196 811 1227 coarctatus
831 1197 869 1228 et
887 1195 1054 1239 stupens.
1085 1188 1247 1234 Omnes,
1263 1185 1295 1224 si
1311 1185 1354 1224 in

238 1238 354 1279 Italis
382 1242 573 1287 consistat,
601 1242 742 1303 erimus
764 1242 867 1280 una.
898 1242 957 1280 sin
980 1241 1098 1289 cedet,
1125 1240 1271 1280 consilii
1294 1251 1355 1277 res

237 1301 305 1332 est.
331 1294 476 1333 Adhuc
505 1302 616 1341 certe,
647 1296 719 1334 nisi
745 1308 815 1346 ego
836 1295 996 1343 insanio,
1029 1295 1144 1333 stulte
1169 1293 1298 1332 omnia
1317 1298 1355 1330 et

237 1347 400 1386 incaute.
430 1348 511 1397 Tu,
525 1361 668 1409 quaeso,
685 1350 814 1388 crebro
828 1348 878 1387 ad
895 1361 958 1386 me
970 1348 1103 1397 scribe,
1120 1347 1180 1387 vel
1199 1345 1353 1398 quodin

241 1402 403 1440 buccam
422 1402 577 1441 venerit.

457 1564 568 1612 (ll.)
599 1563 815 1605 CICERO
843 1562 1065 1603 ATTICO
1093 1564 1135 1603 S.

293 1670 449 1719 QuaesO,
480 1671 576 1722 quid
603 1671 675 1711 hoc
708 1674 798 1710 est?
843 1678 911 1710 aut
941 1671 1035 1723 quid
1071 1670 1231 1722 agitur?
1259 1669 1357 1708 mihi

237 1724 341 1762 enim
374 1726 537 1763 tenebrae
573 1734 676 1763 sunt.
721 1728 749 1748 “
768 1724 1027 1776 Cingulum,’'
1066 1724 1208 1776 inquis,
1239 1725 1267 1745 “
1287 1735 1356 1762 nos

238 1784 442 1816 tenemus:
471 1779 674 1817 Anconem
711 1779 921 1817 amisimus.
963 1779 1157 1817 Labienus
1187 1777 1355 1816 discessit

236 1833 285 1869 ab
313 1831 502 1869 Caesare.”
531 1833 675 1870 Utrum
694 1832 741 1870 de
763 1833 990 1884 imperatore
1011 1832 1145 1883 populi
1169 1830 1352 1878 Romani,

238 1897 286 1921 an
307 1884 354 1922 de
373 1885 607 1933 Hannibale,
627 1886 858 1937 loquimur?
889 1885 927 1924 Ο
946 1885 1142 1924 hominem
1161 1891 1352 1922 amentem

237 1947 276 1975 et
306 1938 503 1986 miserum,
531 1939 598 1990 qui
623 1951 672 1977 ne
701 1941 880 1977 umbram
907 1939 1063 1990 quidem
1088 1950 1261 1989 unquam
1288 1951 1353 1973 του

240 1997 315 2026 καὶ
319 2006 352 2026 ου
372 1992 530 2030 viderit'
562 1993 710 2044 Atque,
729 1992 825 2041 haec,
845 1993 911 2040 ait,
928 1993 1057 2030 omnia
1073 1992 1194 2029 facere
1212 2003 1251 2028 se
1269 1989 1354 2040 dig·

239 2043 369 2081 nitatis
389 2058 513 2083 causa
544 2046 624 2084 Ubi
649 2054 706 2084 est
724 2053 852 2084 autem
885 2046 1065 2097 dignitas,
1091 2044 1165 2082 nisi
1192 2043 1260 2081 ubi
1284 2043 1353 2080 ho-

237 2098 393 2134 nestas?
423 2099 535 2137 Num
566 2099 769 2138 honestum
805 2099 938 2150 igitur,
975 2099 1114 2137 habere
1143 2096 1352 2135 exercitum

237 2149 348 2189 nullo
390 2153 544 2202 publico
582 2153 772 2193 consilio?
818 2165 1002 2206 occupare
1047 2153 1160 2197 urbes
1196 2150 1351 2197 civium,
