1513 2382
210 110 258 148 10
384 110 467 150 AD
496 109 792 151 DIVERSOS.
822 111 924 150 Lm.
943 108 1072 150 XIII.
1103 110 1145 148 8.

205 229 394 265 meorum,
408 219 448 257 in
468 232 546 272 quo
564 231 641 259 non
659 220 777 270 hujus
794 218 995 270 municipii
1011 216 1183 257 studium
1200 215 1242 254 in
1259 227 1323 253 me

208 272 392 310 exstiterit
410 273 615 324 singulare.

259 324 518 378 Quapropter,
539 341 561 365 a
593 335 630 366 te
662 327 777 366 etiam
802 334 917 378 abque
942 325 1072 372 etiam,
1100 337 1171 376 pro
1197 322 1327 362 nostra.

203 391 356 416 summa
374 381 650 430 conjunctione,
678 394 823 432 proque
848 380 916 418 tua
937 380 979 417 in
1003 392 1066 417 me
1083 377 1267 430 perpetua
1285 383 1322 415 et

203 433 376 471 maxima
389 434 664 482 benevolentia,
678 435 865 494 majorem
878 434 919 470 in
931 433 1092 471 modum
1110 439 1197 483 peto
1209 438 1325 482 atque

203 486 402 533 contendo,
423 494 480 535 ut,
502 500 591 526 cum
610 487 781 525 fortunas
801 487 863 538 agi
889 488 970 536 ejus
989 485 1191 536 municipii
1207 484 1322 522 intel-

202 538 313 590 ligas,
341 541 443 591 quod
473 541 520 578 sit
549 541 646 578 mihi
671 541 960 588 necessitudine,
987 540 1132 587 officiis,
1159 541 1323 577 benevo-

207 592 324 631 lentia
344 595 717 643 conjunctissimum,
737 595 777 632 id
800 594 898 632 mihi
919 594 1011 639 deu
1044 593 1148 645 quod
1167 593 1237 630 erit
1253 592 1328 630 hu-

203 647 388 696 jusmodi,
411 656 469 696 ut,
491 648 521 686 si
541 661 563 686 a
583 648 746 695 Caesare,
767 647 871 699 quod
884 660 1095 699 speramus,
1114 645 1330 698 impetrari-

206 713 308 747 mus,
329 709 395 738 tuo
414 702 595 740 beneficio
613 714 682 740 nos
700 701 741 739 id
755 709 972 740 consecutos
987 714 1066 739 esse
1081 700 1322 751 judicemus.

206 753 265 792 sin
290 755 442 800 minus;
472 768 541 806 pro
572 768 614 793 eo
643 762 773 793 tamen
795 755 836 792 id
860 755 1086 803 habeamus,
1115 766 1204 792 cum
1237 767 1260 791 a
1288 759 1327 790 te

207 807 297 845 data
327 808 374 845 sit
405 821 532 860 opera,
567 816 612 846 ut
640 808 943 869 impetraremus.
987 809 1078 846 Hoc
1109 820 1198 846 cum
1229 805 1329 844 1111111

209 861 468 911 gratissimum
504 862 648 909 feceris,
686 870 773 900 tum
805 862 906 900 viros
938 862 1117 913 optimos,
1154 860 1331 898 hominae

209 914 507 961 honestissimos,
533 916 762 968 eosdemque
784 915 1032 967 gratissimos,
1057 923 1094 954 et
1119 913 1188 953 tua
1204 925 1333 953 110005-

209 968 377 1007 situdine
395 969 649 1020 dignissimos,
671 983 822 1008 summo
840 969 1053 1008 beneficio
1042 982 1084 1008 m
1101 975 1332 1022 perpetuum

212 1021 284 1060 tibi
301 1022 454 1074 tuisque
472 1023 698 1063 devinxeris.
733 1023 847 1070 Vale.

319 1187 411 1239 (8.)
443 1187 504 1227 M.
527 1188 577 1227 Τ.
598 1188 644 1228 C.
674 1188 737 1229 Μ.
760 1186 1008 1227 RUTILIO
1038 1187 1078 1226 S.
1100 1186 1146 1225 P.
1169 1184 1223 1224 D.

269 1296 591 1347 (Argumentum.
602 1322 657 1331 —
668 1297 863 1336 Rutilium
875 1303 997 1348 rogat,
1016 1302 1075 1344 ut,
1094 1294 1136 1332 in
1153 1304 1332 1345 agrorum

215 1348 413 1401 divisione,
432 1352 585 1390 Albinii
602 1352 744 1404 praedia
761 1364 810 1389 ne
828 1352 1021 1403 attingat.)

268 1457 374 1497 Cum
396 1465 433 1497 et
451 1459 548 1497 1111111
573 1459 742 1498 0011501115
766 1471 901 1507 0550111,
929 1456 1063 1510 quanti
1090 1462 1130 1494 te
1153 1455 1331 1502 facerem,

220 1518 258 1550 et
276 1520 385 1550 tuam
403 1525 493 1563 erga
509 1526 572 1551 me
589 1513 894 1551 benevolentiam
909 1519 1088 1563 expertus
1102 1521 1236 1557 essem,
1256 1520 1335 1546 non

210 1564 385 1603 dubitavi
408 1579 431 1603 a
458 1575 496 1604 te
524 1574 667 1617 petere,
689 1566 793 1618 quod
810 1565 908 1603 1111111
921 1563 1130 1625 petendum
1153 1569 1259 1601 oeset.
1291 1561 1339 1599 P.

212 1619 390 1657 Sextium
419 1620 554 1670 quanti
583 1619 737 1668 faciam,
767 1619 849 1671 ipse
878 1618 1021 1670 optime
1053 1617 1154 1656 scio:
1198 1614 1334 1676 quanti

214 1679 344 1711 autem
368 1672 490 1711 facere
508 1672 681 1720 deboem,
706 1680 745 1712 et
768 1681 826 1721 tu,
849 1680 886 1711 et
913 1685 1045 1711 omnes
1069 1670 1244 1709 homines
1262 1667 1335 1707 sci-

214 1733 298 1764 unt.
341 1726 383 1764 Is
413 1739 502 1764 cum
533 1739 581 1765 ex
613 1726 696 1765 aljis
726 1733 765 1765 te
796 1726 873 1764 mei
906 1724 1227 1764 studiosissimum
1259 1734 1338 1761 0550

216 1781 426 1830 cognosset,
446 1780 581 1831 petivit
599 1793 622 1818 a
638 1793 715 1828 me,
736 1787 781 1818 ut
799 1779 847 1818 ad
866 1787 904 1818 te
922 1791 1041 1831 quam
1059 1776 1339 1819 accuratissime

216 1833 420 1871 scriberem
447 1833 494 1871 de
519 1847 560 1872 re
588 1834 633 1872 C.
653 1833 807 1872 Albinii
835 1833 1030 1881 senatoris,
1058 1832 1168 1880 cujus
1191 1844 1238 1868 ex
1257 1828 1339 1867 filia

219 1894 333 1924 natus
359 1894 415 1924 est
440 1886 488 1924 L.
509 1887 676 1935 Sextius,
705 1887 874 1938 optimus
903 1887 1132 1932 adolescens,
1158 1884 1261 1922 filius
1290 1883 1339 1920 P.

220 1940 355 1978 Sextii.
392 1940 479 1978 Hoc
503 1940 641 1979 idcirco
665 1941 809 1991 scripsi,
833 1948 878 1978 ut
905 1940 1147 1991 intelligeres,
1172 1949 1249 1976 non
1279 1949 1340 1975 so-

220 1993 306 2031 lum
325 2006 387 2031 me
404 2007 473 2045 pro
493 1994 539 2031 P.
560 1993 689 2033 Sextio
703 1994 874 2033 laborare
899 1994 1050 2042 debere,
1077 1991 1145 2030 sed
1163 1990 1340 2030 Sextium

224 2047 340 2085 etiam
357 2060 427 2099 pro
445 2048 619 2086 Albinio.

273 2101 353 2138 Res
382 2108 511 2140 autem
537 2109 592 2140 est
615 2102 708 2140 haec.
750 2101 792 2140 A
816 2100 879 2140 M.
900 2100 1064 2140 Laberio
1084 2100 1133 2139 C.
1152 2096 1339 2138 Albinius

220 2153 399 2206 praedia
387 2167 429 2192 m
455 2154 745 2194 aestimationem
772 2155 945 2207 accepit;
974 2168 1062 2207 quae
1090 2152 1235 2215 praedia
1263 2151 1344 2190 La-

224 2207 352 2248 berius
379 2215 522 2248 emerat
549 2222 574 2249 a
602 2209 752 2249 Caesare
778 2208 827 2248 de
849 2208 959 2248 bonis
981 2206 1180 2248 Plotianis.
1220 2204 1284 2245 Ea
1311 2203 1343 2244 si
