1513 2382
371 99 451 137 AD
480 99 763 139 ATTICUM.
793 100 893 138 1118.
916 98 991 139 vl.
1021 101 1062 138 3.
1197 101 1277 146 317

155 207 328 259 cepisset,
342 219 458 258 quem
477 219 548 259 ego
561 221 610 247 ex
628 208 744 247 Bruti
767 208 885 246 literis
910 206 1147 257 detulissem,
1167 215 1273 260 post-

160 275 205 300 ea
223 261 371 312 scripsit
388 261 438 299 ad
454 274 532 309 me,
553 275 593 300 se
606 262 664 299 uti
677 262 780 300 nolle
799 274 842 299 eo
860 261 1070 299 tribunatu.

215 315 362 354 Gavius
385 322 441 354 aet
458 315 632 366 quidam,
652 315 714 354 cui
732 328 821 354 cum
839 314 1104 366 praefeeturam
1124 315 1282 355 detulis-

159 381 241 408 sem
259 369 376 407 Bruti
393 377 542 420 rogatu,
562 369 687 408 multa
712 376 750 408 et
772 368 872 407 dixit
895 375 933 406 et
956 368 1045 407 fecit
1072 382 1161 407 cum
1187 370 1282 422 quii-

159 422 249 462 dam
282 423 372 461 mea
403 423 650 470 contumelia,
679 424 726 462 P.
747 423 875 461 Clodii
898 422 1012 461 canis.
1051 424 1092 461 Is
1119 436 1184 462 me
1210 437 1282 464 nec

162 477 462 529 proficiscentem
480 478 699 528 Apameam
723 484 945 529 prosecutus
969 483 1050 522 θεῖς
1080 489 1162 526 nec,
1190 491 1280 518 cum

158 539 290 582 postea
306 531 348 568 in
366 539 487 569 castra
501 531 677 577 venisset,
694 539 810 583 atque
827 531 917 569 inde
927 530 1146 580 discederet,
1166 544 1282 570 num-

160 585 256 636 quid
286 585 439 631 vellem,
472 585 648 637 rogavit3
692 593 730 624 et
757 585 833 623 fuit
857 594 985 637 aperte
1011 585 1123 632 mihi,
1155 586 1281 625 nescio

159 652 291 690 quare,
310 651 388 677 non
406 638 563 678 amicus.
593 639 714 678 Hunc
732 652 802 691 ego
820 639 852 678 si
864 639 905 677 in
923 639 1109 691 praefectis
1123 639 1280 679 habuis·

158 705 253 739 sem,
274 706 391 744 quem
409 701 453 731 tu
483 706 547 731 me
568 694 766 732 hominem
791 696 978 745 putares⁹
961 725 969 733 .
1008 693 1104 742 Qui,
1128 701 1173 732 ut
1192 694 1278 740 scis,

156 747 507 798 potentissimorum
535 748 740 786 hominum
769 747 1049 786 contumaciam
1075 760 1278 799 nunquam

157 800 326 848 tulerim,
358 801 497 839 ferrem
525 802 644 852 hujus
672 802 820 841 asseclae
838 804 856 840 ?
895 801 964 840 etsi
993 802 1066 840 hoc
1091 802 1179 853 plus
1205 809 1276 848 est,

157 868 277 905 quam
306 855 418 904 ferre,
445 855 612 895 tribuere
641 856 756 895 etiam
784 855 960 894 beneficii
981 856 1128 907 aliquid
1146 863 1184 894 et
1207 856 1278 895 ho-

157 921 270 946 nons.

211 963 253 1001 Is
271 963 389 1014 igitur
407 963 567 1012 Gavius,
588 976 678 1003 cum
697 965 885 1016 Apameae
903 977 967 1003 me
984 977 1108 1015 nuper
1125 963 1280 1003 vidisset

157 1018 326 1055 Romam
345 1018 596 1069 proficiscens,
619 1031 683 1056 me
699 1019 754 1056 ita
772 1020 1001 1071 appellavit:
1035 1018 1277 1070 (Culleolum

155 1071 221 1110 vix
239 1071 463 1119 auderemz)
493 1072 622 1118 Unde,
649 1073 789 1124 inquit,
814 1086 877 1111 me
899 1074 1011 1122 jubes
1029 1080 1157 1124 petere
1175 1072 1278 1110 ciba-

155 1126 211 1163 ria
228 1125 425 1176 praefecti?
456 1126 653 1178 Respondi
666 1127 804 1175 lenius,
819 1140 938 1179 quam
958 1129 1145 1178 putabant
1164 1139 1277 1177 opor-

153 1180 282 1227 tuisse,
309 1180 378 1231 qui
396 1179 566 1229 aderant,
587 1193 650 1219 me
668 1193 745 1219 non
770 1181 977 1220 instituisse
995 1181 1040 1219 iis
1061 1181 1150 1218 dare
1175 1181 1278 1219 ciba-

152 1233 221 1282 ria,
251 1247 417 1285 quorum
446 1235 562 1286 opera
592 1247 671 1273 non
700 1248 820 1274 essem
850 1249 954 1274 usus.
997 1235 1111 1273 Abiit
1142 1235 1274 1272 iratus.

153 1288 288 1338 Hujus
316 1289 518 1327 nebulonis
537 1289 704 1327 oratione
733 1289 765 1327 si
790 1290 938 1328 Brutus
966 1289 1111 1328 moveri
1135 1295 1274 1340 potaet,

150 1342 279 1381 licebit
302 1356 393 1381 eum
418 1343 519 1381 solus
544 1356 676 1388 amen
706 1356 769 1382 me
791 1345 979 1382 aemulum
1005 1355 1083 1382 non
1101 1342 1272 1381 habebis.

152 1397 228 1435 Sed
249 1396 362 1434 illum
393 1410 483 1435 eum
506 1397 684 1436 futurum
709 1411 788 1441 esse
812 1406 921 1450 puto,
950 1398 1019 1449 qui
1045 1411 1123 1436 esse
1148 1397 1273 1435 debet.

151 1450 245 1489 Tibi
263 1458 393 1489 tamen
413 1464 568 1490 causam
585 1459 718 1490 notam
744 1465 824 1490 esse
842 1452 968 1491 volui:
1000 1459 1037 1490 et
1066 1451 1115 1489 ad
1142 1451 1273 1502 ipsum

149 1503 230 1543 haec
248 1505 448 1557 perscripsi
465 1505 766 1557 diligentissime.
797 1505 971 1545 Omnino
985 1505 1074 1557 (soli
1092 1506 1196 1543 enim
1210 1517 1274 1542 su-

149 1566 254 1606 mus)
275 1559 400 1597 nullas
419 1572 594 1611 unquam
616 1560 666 1598 ad
683 1573 747 1598 me
771 1560 900 1598 literas
918 1560 1023 1597 misit
1040 1560 1203 1606 Brutus,
1223 1569 1274 1596 ne

150 1613 324 1665 proxime
353 1613 511 1665 quidem
541 1614 588 1652 de
605 1614 754 1666 Appio,
784 1614 824 1652 in
856 1614 997 1665 quibus
1030 1626 1108 1652 non
1136 1613 1275 1651 inesset

149 1680 344 1718 arrogans,
368 1682 595 1712 ακοινωνητον
620 1668 778 1720 aliquid.
810 1667 904 1706 Tibi
930 1675 1060 1706 autem
1082 1667 1192 1706 valde
1212 1679 1272 1706 so·

149 1722 202 1760 let
219 1721 260 1760 in
274 1734 339 1760 ore
357 1734 450 1770 esse,

207 1829 716 1843 .................
738 1807 767 1828 “
788 1804 957 1843 Granius
972 1811 1105 1843 autem

201 1857 297 1896 Non
316 1865 556 1897 contemnere
575 1872 628 1907 se,
650 1867 687 1898 et
704 1872 809 1911 reges
828 1858 950 1898 odisse
967 1861 1150 1911 superbos
1164 1859 1207 1897 :”

146 1940 186 1977 in
206 1951 283 1991 quo
309 1946 438 1977 tamen
463 1940 528 1978 ille
555 1940 653 1979 mihi
679 1940 801 1979 risum
825 1940 964 1992 magis,
984 1954 1104 1993 quam
1129 1948 1272 1980 stoma-

143 1993 277 2041 chum,
297 2006 449 2032 movere
468 1994 586 2032 solet:
616 1994 682 2033 sed
699 1995 814 2046 plane
831 2007 971 2046 parum
996 1994 1151 2047 cogitat,
1172 1994 1269 2047 quid

145 2048 298 2093 scribat,
319 2056 386 2085 aut
405 2048 454 2086 ad
472 2062 602 2100 quem.

199 2101 252 2149 Q.
274 2101 406 2140 Cicero
420 2116 516 2154 puer
533 2103 640 2154 legit,
657 2111 702 2142 ut
719 2104 867 2156 opinor,
884 2111 922 2145 et
939 2111 1052 2153 certe,
1068 2104 1270 2156 epistolam

144 2156 367 2207 inscriptam
399 2157 498 2208 patri
524 2170 604 2195 suo.
635 2158 740 2197 Solet
763 2158 868 2197 enim
895 2158 1056 2210 aperire,
1076 2158 1194 2210 idque
1221 2157 1271 2196 de

145 2222 232 2249 meo
250 2210 430 2256 consilio;
462 2211 494 2249 si
523 2211 618 2263 quid
639 2212 735 2251 forte
760 2213 824 2261 sit,
848 2212 953 2293 ᾳιὲοά
972 2225 1078 2304 §pus
1097 2213 1146 2252 sit
1173 2211 1270 2253 sciri.

880 2294 904 2305 ..
923 2278 950 2305 Ε
