1513 2382
210 105 285 144 134
383 105 468 145 AD
497 105 797 148 DIVERSOS
825 105 1065 146 Lm.XV1.
1095 107 1161 145 24.

204 220 286 260 tat;
313 225 384 254 nec
410 214 527 263 videt,
557 216 701 268 quibus
731 215 918 268 praesidiis
935 214 1190 267 philosophiae
1208 222 1338 267 septus

203 267 302 307 sim:
333 276 371 308 et
400 269 580 320 (hercle),
601 271 707 322 quod
723 270 913 309 timidus
901 283 984 321 lpse
1002 278 1072 315 est,
1104 274 1187 320 ’ὲορυ
1169 270 1321 307 nemeen-o

201 321 290 373 Ego
308 330 439 363 tamen
458 324 617 363 Antonii
645 325 896 364 inveteratam
919 324 1001 363 sine
1018 323 1101 362 ulla
1127 323 1336 362 offensione

204 377 413 417 amicitiam
433 379 594 418 retinere
623 392 712 418 sane
738 379 851 425 vo103
882 378 1124 430 scribamque
1152 378 1203 416 ad
1228 390 1336 425 eum,

202 430 269 469 sed
287 445 365 471 non
384 440 473 472 ante
492 447 611 486 quam
632 441 670 472 te
688 433 843 472 videro:
873 446 944 472 nec
970 440 1102 471 tamen
1121 440 1159 471 te
1177 445 1294 471 avoco
1313 445 1337 470 a

201 487 448 540 syngrapha:
489 504 568 536 you-,1
608 503 720 535 κνημη
727 504 754 531 ς.
798 487 893 526 Cras
927 494 1106 538 exspecto
1133 486 1333 538 Leptam:

206 537 390 594 [etenim]
413 541 462 581 ad
491 543 601 592 cujus
619 538 748 581 rutam
767 542 923 595 pulegio
948 541 1047 580 mihi
1072 541 1131 580 tui
1150 541 1337 581 sermonis

204 595 395 635 utendum
415 604 484 636 est.
513 596 627 636 Vale.

336 756 455 810 (24.)
483 757 738 799 TULLIUS
769 757 988 798 TIRONI
1018 757 1058 797 S.
1077 756 1125 795 P.
1147 755 1203 795 D.

256 879 912 932 (Argumentum-Domesticae
946 892 1020 929 ree,
1048 878 1188 918 deinde
1205 879 1337 932 publi·

206 945 284 983 cas,
305 942 466 984 narrat.)

251 1041 340 1081 Etsi
370 1055 485 1082 mane
512 1043 736 1096 Harpalum
765 1043 963 1090 miseram,
984 1050 1131 1090 tamen,
1153 1054 1245 1081 cum
1263 1042 1335 1082 ha-

197 1097 327 1136 berem
353 1098 416 1137 cui
441 1106 540 1137 recte
569 1098 702 1137 darem
728 1098 874 1146 literas,
901 1098 972 1137 etsi
998 1097 1089 1136 novi
1117 1097 1216 1135 nihil
1238 1105 1334 1146 erat,

197 1150 333 1190 iisdem
346 1152 393 1191 de
404 1154 519 1191 rebus
531 1153 636 1191 volui
649 1152 697 1191 ad
712 1160 750 1191 te
765 1152 905 1204 saepius
924 1152 1112 1198 scribere,
1101 1165 1111 1175 ·
1142 1163 1220 1190 non
1239 1152 1336 1203 quin

197 1206 429 1246 confiderem
460 1207 670 1258 diligentiae
698 1214 802 1253 tuae3
833 1206 899 1245 sed
930 1207 986 1245 rei
1014 1219 1078 1244 me
1105 1206 1337 1257 magnitudo

199 1263 392 1300 movebat.
422 1261 529 1299 Mihi
554 1274 668 1313 prora
694 1268 731 1300 et
755 1260 899 1313 puppis
919 1263 981 1304 (ut
1005 1260 1230 1299 Graecorum
1248 1273 1338 1312 pro-

199 1315 375 1354 verbium
405 1314 480 1364 est)
514 1315 591 1354 fuit
608 1329 632 1354 a
649 1329 714 1354 me
744 1316 803 1354 tui
827 1315 1064 1360 dimittendi,
1097 1321 1143 1353 ut
1171 1315 1337 1353 rationes

183 1377 345 1408 nostras
357 1371 579 1432 explicares.
609 1370 747 1410 Ofillio
765 1378 804 1408 et
821 1369 987 1408 Aurelio
1001 1369 1138 1421 utique
1150 1369 1239 1407 satis
1222 1368 1334 1407 31131.

196 1423 238 1461 A
257 1424 456 1471 Flamma,
477 1425 509 1463 si
530 1437 609 1463 non
628 1432 736 1477 potes
758 1437 888 1473 omne,
908 1431 1059 1476 partem
1077 1425 1250 1485 aliquam
1270 1437 1335 1462 ve-

195 1478 266 1517 lim
287 1486 540 1531 extorqueas;
571 1479 612 1517 in
631 1479 858 1531 primisque,
871 1485 917 1517 ut
935 1478 1115 1530 expedita
1133 1478 1183 1516 sit
1200 1478 1334 1530 pensio

196 1531 380 1572 Calendis
409 1534 503 1577 Jan.
533 1534 597 1572 De
615 1534 863 1572 attributione
889 1532 1075 1572 conficies.
1105 1533 1169 1572 De
1196 1545 1337 1586 reprae-

197 1587 411 1627 sentatione
430 1587 589 1627 videbis.
620 1588 684 1627 De
702 1587 920 1626 domesticis
937 1587 1137 1626 hactenus.

251 1641 316 1680 De
348 1642 514 1694 publicis
545 1643 677 1682 omnia
709 1642 807 1680 mihi
840 1648 967 1681 certa:
999 1641 1095 1694 quid
1131 1639 1335 1690 Octavius,

202 1696 298 1748 quid
316 1696 544 1743 Antonius;
574 1711 664 1750 quae
687 1696 893 1736 hominum
919 1697 1076 1748 opinio3
1106 1695 1201 1749 quid
1227 1695 1336 1734 futu·

200 1763 290 1789 rum
309 1759 434 1803 putes.
464 1751 553 1804 Ego
572 1753 639 1791 vix
655 1760 798 1801 teneor,
819 1751 915 1803 quin
934 1764 1144 1790 accurram.
1175 1750 1253 1790 Sed
1272 1750 1334 1789 st!

197 1804 326 1844 literas
359 1814 445 1845 tuas
473 1814 677 1858 exspecto:
711 1814 750 1845 et
771 1806 864 1844 scito
892 1805 1065 1845 Balbum
1099 1812 1186 1844 tum
1218 1804 1338 1843 fuisse

199 1859 369 1911 Aquini,
396 1873 487 1899 cum
513 1861 586 1900 tibi
611 1869 668 1900 est
692 1861 855 1908 dictum,
876 1867 914 1898 et
932 1860 1117 1912 postridie
1144 1859 1336 1898 Hirtium.

201 1913 306 1952 Puto
326 1922 537 1967 utrumque
563 1915 612 1954 ad
638 1929 771 1968 aquas.
801 1915 878 1954 Sed
901 1915 1006 1967 quod
1026 1915 1185 1967 egerint.
1214 1913 1337 1952 Dola-

199 1968 311 2007 bellae
347 1978 613 2021 procuratores
660 1971 722 2012 fac
763 1969 1056 2010 admoneantur.
1104 1967 1338 2023 Appellabis

201 2022 317 2062 etiam
338 2024 515 2078 Papiam.
545 2024 657 2066 Vale.
