<?xml version="1.0" encoding="UTF-8"?>
<!DOCTYPE html PUBLIC "-//W3C//DTD XHTML 1.0 Transitional//EN"
    "http://www.w3.org/TR/xhtml1/DTD/xhtml1-transitional.dtd">
<html xmlns="http://www.w3.org/1999/xhtml" xml:lang="en" lang="en">
 <head>
  <title>
</title>
<meta http-equiv="Content-Type" content="text/html;charset=utf-8" />
  <meta name='ocr-system' content='tesseract 3.04.00' />
  <meta name='ocr-capabilities' content='ocr_page ocr_carea ocr_par ocr_line ocrx_word'/>
</head>
<body>
  <div class='ocr_page' id='page_1' title='image "./operaern10ciceuoft_0387.png"; bbox 0 0 1513 2382; ppageno 0'>
   <div class='ocr_carea' id='block_1_1' title="bbox 342 82 1278 244">
    <p class='ocr_par' dir='ltr' id='par_1_1' title="bbox 342 82 1278 244">
     <span class='ocr_line' id='line_1_1' title="bbox 342 82 1278 131; baseline 0.002 -9"><span class='ocrx_word' id='word_1_1' title='bbox 342 82 423 122; x_wconf 93' lang='lat' dir='ltr'><strong>AD</strong></span> <span class='ocrx_word' id='word_1_2' title='bbox 451 83 739 125; x_wconf 86' lang='lat' dir='ltr'><strong>ATTICUM.</strong></span> <span class='ocrx_word' id='word_1_3' title='bbox 767 85 869 124; x_wconf 83' lang='lat' dir='ltr'><strong>LIB.</strong></span> <span class='ocrx_word' id='word_1_4' title='bbox 893 85 1018 126; x_wconf 84' lang='lat' dir='ltr'><strong>VIII.</strong></span> <span class='ocrx_word' id='word_1_5' title='bbox 1047 87 1086 131; x_wconf 89' lang='lat'><strong>7.</strong></span> <span class='ocrx_word' id='word_1_6' title='bbox 1198 86 1278 131; x_wconf 87' lang='lat'><strong>373</strong></span> 
     </span>
     <span class='ocr_line' id='line_1_2' title="bbox 396 191 1048 244; baseline 0.008 -14"><span class='ocrx_word' id='word_1_7' title='bbox 396 191 484 244; x_wconf 89' lang='lat'>(6.)</span> <span class='ocrx_word' id='word_1_8' title='bbox 516 193 730 233; x_wconf 88' lang='lat' dir='ltr'><strong>CICERO</strong></span> <span class='ocrx_word' id='word_1_9' title='bbox 761 194 978 235; x_wconf 86' lang='lat' dir='ltr'><strong>ATTICO</strong></span> <span class='ocrx_word' id='word_1_10' title='bbox 1008 196 1048 234; x_wconf 88' lang='lat' dir='ltr'><strong>S.</strong></span> 
     </span>
    </p>
   </div>
   <div class='ocr_carea' id='block_1_2' title="bbox 148 299 1278 570">
    <p class='ocr_par' dir='ltr' id='par_1_2' title="bbox 148 299 1278 570">
     <span class='ocr_line' id='line_1_3' title="bbox 211 299 1278 355; baseline 0.002 -15"><span class='ocrx_word' id='word_1_11' title='bbox 211 299 425 352; x_wconf 73' lang='lat' dir='ltr'><strong>obsignat-a</strong></span> <span class='ocrx_word' id='word_1_12' title='bbox 452 302 537 351; x_wconf 86' lang='lat' dir='ltr'><strong>jam</strong></span> <span class='ocrx_word' id='word_1_13' title='bbox 569 302 742 354; x_wconf 63' lang='lat' dir='ltr'><strong>epistola,</strong></span> <span class='ocrx_word' id='word_1_14' title='bbox 769 316 887 355; x_wconf 88' lang='lat' dir='ltr'><strong>quam</strong></span> <span class='ocrx_word' id='word_1_15' title='bbox 912 302 960 342; x_wconf 91' lang='lat' dir='ltr'><strong>de</strong></span> <span class='ocrx_word' id='word_1_16' title='bbox 982 310 1091 342; x_wconf 88' lang='lat' dir='ltr'><strong>nocte</strong></span> <span class='ocrx_word' id='word_1_17' title='bbox 1118 303 1278 342; x_wconf 86' lang='lat' dir='ltr'><strong>daturus</strong></span> 
     </span>
     <span class='ocr_line' id='line_1_4' title="bbox 156 355 1275 408; baseline 0 -14"><span class='ocrx_word' id='word_1_18' title='bbox 156 368 276 403; x_wconf 88' lang='lat' dir='ltr'><strong>eram,</strong></span> <span class='ocrx_word' id='word_1_19' title='bbox 297 356 394 394; x_wconf 87' lang='lat' dir='ltr'><strong>sicut</strong></span> <span class='ocrx_word' id='word_1_20' title='bbox 422 355 523 403; x_wconf 89' lang='lat' dir='ltr'><strong>dedi,</strong></span> <span class='ocrx_word' id='word_1_21' title='bbox 553 359 662 399; x_wconf 87' lang='lat' dir='ltr'><strong>(nam</strong></span> <span class='ocrx_word' id='word_1_22' title='bbox 690 370 775 395; x_wconf 87' lang='lat' dir='ltr'><strong>eam</strong></span> <span class='ocrx_word' id='word_1_23' title='bbox 795 357 940 408; x_wconf 89' lang='lat' dir='ltr'><strong>vesperi</strong></span> <span class='ocrx_word' id='word_1_24' title='bbox 965 357 1204 408; x_wconf 85' lang='lat' dir='ltr'><strong>scripseram)</strong></span> <span class='ocrx_word' id='word_1_25' title='bbox 1226 356 1275 396; x_wconf 90' lang='lat' dir='ltr'><strong>C.</strong></span> 
     </span>
     <span class='ocr_line' id='line_1_5' title="bbox 153 409 1274 462; baseline 0 -13"><span class='ocrx_word' id='word_1_26' title='bbox 153 409 286 449; x_wconf 87' lang='lat' dir='ltr'>Sosius</span> <span class='ocrx_word' id='word_1_27' title='bbox 305 416 443 462; x_wconf 88' lang='lat' dir='ltr'><strong>praetor</strong></span> <span class='ocrx_word' id='word_1_28' title='bbox 461 410 502 446; x_wconf 89' lang='lat' dir='ltr'><strong>in</strong></span> <span class='ocrx_word' id='word_1_29' title='bbox 521 409 774 449; x_wconf 83' lang='lat' dir='ltr'><strong>Formianum</strong></span> <span class='ocrx_word' id='word_1_30' title='bbox 794 412 898 450; x_wconf 86' lang='lat' dir='ltr'><strong>venit</strong></span> <span class='ocrx_word' id='word_1_31' title='bbox 916 411 965 449; x_wconf 87' lang='lat' dir='ltr'><strong>ad</strong></span> <span class='ocrx_word' id='word_1_32' title='bbox 985 411 1048 449; x_wconf 84' lang='grc' dir='ltr'><strong>Μ’</strong></span> <span class='ocrx_word' id='word_1_33' title='bbox 1064 411 1274 462; x_wconf 89' lang='lat' dir='ltr'><strong>Lepidum,</strong></span> 
     </span>
     <span class='ocr_line' id='line_1_6' title="bbox 153 463 1277 517; baseline 0.002 -16"><span class='ocrx_word' id='word_1_34' title='bbox 153 463 323 502; x_wconf 82' lang='lat' dir='ltr'><strong>vicinum</strong></span> <span class='ocrx_word' id='word_1_35' title='bbox 343 470 531 511; x_wconf 91' lang='lat' dir='ltr'><strong>nostrum,</strong></span> <span class='ocrx_word' id='word_1_36' title='bbox 553 465 662 514; x_wconf 89' lang='lat' dir='ltr'><strong>cujus</strong></span> <span class='ocrx_word' id='word_1_37' title='bbox 681 473 847 516; x_wconf 87' lang='lat' dir='ltr'><strong>quaestor</strong></span> <span class='ocrx_word' id='word_1_38' title='bbox 864 465 965 511; x_wconf 89' lang='lat' dir='ltr'><strong>fuit;</strong></span> <span class='ocrx_word' id='word_1_39' title='bbox 997 465 1175 517; x_wconf 90' lang='lat' dir='ltr'><strong>Pompeii</strong></span> <span class='ocrx_word' id='word_1_40' title='bbox 1192 465 1277 503; x_wconf 89' lang='lat' dir='ltr'><strong>lite-</strong></span> 
     </span>
     <span class='ocr_line' id='line_1_7' title="bbox 148 517 958 570; baseline 0 -14"><span class='ocrx_word' id='word_1_41' title='bbox 148 530 281 556; x_wconf 79' lang='lat' dir='ltr'><strong>rarum</strong></span> <span class='ocrx_word' id='word_1_42' title='bbox 296 517 345 556; x_wconf 83' lang='lat' dir='ltr'><strong>ad</strong></span> <span class='ocrx_word' id='word_1_43' title='bbox 359 518 555 556; x_wconf 81' lang='lat' dir='ltr'><strong>consulem</strong></span> <span class='ocrx_word' id='word_1_44' title='bbox 575 519 799 570; x_wconf 83' lang='lat' dir='ltr'><strong>exemplum</strong></span> <span class='ocrx_word' id='word_1_45' title='bbox 817 519 958 557; x_wconf 84' lang='lat' dir='ltr'><strong>attulit.</strong></span> 
     </span>
    </p>
   </div>
   <div class='ocr_carea' id='block_1_3' title="bbox 147 624 1273 1056">
    <p class='ocr_par' dir='ltr' id='par_1_3' title="bbox 147 624 1273 1056">
     <span class='ocr_line' id='line_1_8' title="bbox 206 624 1273 667; baseline 0.001 -3"><span class='ocrx_word' id='word_1_46' title='bbox 206 628 236 649; x_wconf 70' lang='lat'><strong>‘⁶</strong></span> <span class='ocrx_word' id='word_1_47' title='bbox 253 624 393 664; x_wconf 85' lang='lat' dir='ltr'><strong>Literae</strong></span> <span class='ocrx_word' id='word_1_48' title='bbox 421 625 520 663; x_wconf 89' lang='lat' dir='ltr'><strong>mihi</strong></span> <span class='ocrx_word' id='word_1_49' title='bbox 536 638 562 663; x_wconf 86' lang='lat' dir='ltr'><strong>a</strong></span> <span class='ocrx_word' id='word_1_50' title='bbox 587 625 635 664; x_wconf 88' lang='lat' dir='ltr'><strong>L.</strong></span> <span class='ocrx_word' id='word_1_51' title='bbox 656 625 832 665; x_wconf 89' lang='lat' dir='ltr'><strong>Domitio</strong></span> <span class='ocrx_word' id='word_1_52' title='bbox 857 640 892 665; x_wconf 88' lang='lat' dir='ltr'><strong>a.</strong></span> <span class='ocrx_word' id='word_1_53' title='bbox 912 627 949 665; x_wconf 87' lang='lat' dir='ltr'><strong>d.</strong></span> <span class='ocrx_word' id='word_1_54' title='bbox 967 627 1083 666; x_wconf 94' lang='lat' dir='ltr'><strong>XIII</strong></span> <span class='ocrx_word' id='word_1_55' title='bbox 1112 626 1273 667; x_wconf 88' lang='lat' dir='ltr'><strong>Calend.</strong></span> 
     </span>
     <span class='ocr_line' id='line_1_9' title="bbox 152 679 1271 734; baseline 0.001 -15"><span class='ocrx_word' id='word_1_56' title='bbox 152 679 274 719; x_wconf 86' lang='lat' dir='ltr'><strong>Mart.</strong></span> <span class='ocrx_word' id='word_1_57' title='bbox 301 679 426 718; x_wconf 86' lang='lat' dir='ltr'><strong>allatae</strong></span> <span class='ocrx_word' id='word_1_58' title='bbox 454 687 566 718; x_wconf 84' lang='lat' dir='ltr'><strong>sunt:</strong></span> <span class='ocrx_word' id='word_1_59' title='bbox 598 693 730 719; x_wconf 88' lang='lat' dir='ltr'><strong>earum</strong></span> <span class='ocrx_word' id='word_1_60' title='bbox 753 682 977 732; x_wconf 81' lang='lat' dir='ltr'><strong>exemplum</strong></span> <span class='ocrx_word' id='word_1_61' title='bbox 1000 682 1099 720; x_wconf 87' lang='lat' dir='ltr'><strong>infra</strong></span> <span class='ocrx_word' id='word_1_62' title='bbox 1129 682 1271 734; x_wconf 87' lang='lat' dir='ltr'>scripsi.</span> 
     </span>
     <span class='ocr_line' id='line_1_10' title="bbox 149 734 1273 787; baseline 0.002 -15"><span class='ocrx_word' id='word_1_63' title='bbox 149 734 194 772; x_wconf 93' lang='lat' dir='ltr'>N</span> <span class='ocrx_word' id='word_1_64' title='bbox 196 747 285 781; x_wconf 88' lang='lat' dir='ltr'><strong>unc,</strong></span> <span class='ocrx_word' id='word_1_65' title='bbox 301 741 346 772; x_wconf 87' lang='lat' dir='ltr'><strong>ut</strong></span> <span class='ocrx_word' id='word_1_66' title='bbox 370 746 440 785; x_wconf 88' lang='lat' dir='ltr'><strong>ego</strong></span> <span class='ocrx_word' id='word_1_67' title='bbox 465 746 543 771; x_wconf 88' lang='lat' dir='ltr'><strong>non</strong></span> <span class='ocrx_word' id='word_1_68' title='bbox 562 734 739 781; x_wconf 86' lang='lat' dir='ltr'><strong>scribam,</strong></span> <span class='ocrx_word' id='word_1_69' title='bbox 760 735 828 772; x_wconf 63' lang='lat' dir='ltr'><strong>tua</strong></span> <span class='ocrx_word' id='word_1_70' title='bbox 847 743 980 787; x_wconf 89' lang='lat' dir='ltr'><strong>sponte</strong></span> <span class='ocrx_word' id='word_1_71' title='bbox 999 743 1035 774; x_wconf 91' lang='lat' dir='ltr'><strong>te</strong></span> <span class='ocrx_word' id='word_1_72' title='bbox 1061 736 1273 787; x_wconf 87' lang='lat' dir='ltr'><strong>intelligere</strong></span> 
     </span>
     <span class='ocr_line' id='line_1_11' title="bbox 150 787 1272 851; baseline 0.001 -24"><span class='ocrx_word' id='word_1_73' title='bbox 150 788 241 836; x_wconf 82' lang='lat' dir='ltr'><strong>scio,</strong></span> <span class='ocrx_word' id='word_1_74' title='bbox 276 788 410 840; x_wconf 88' lang='lat' dir='ltr'><strong>quanti</strong></span> <span class='ocrx_word' id='word_1_75' title='bbox 441 787 659 838; x_wconf 85' lang='lat' dir='ltr'><strong>reipublicae</strong></span> <span class='ocrx_word' id='word_1_76' title='bbox 698 788 858 837; x_wconf 84' lang='lat' dir='ltr'><strong>intersit,</strong></span> <span class='ocrx_word' id='word_1_77' title='bbox 897 802 1030 828; x_wconf 90' lang='lat' dir='ltr'><strong>omnes</strong></span> <span class='ocrx_word' id='word_1_78' title='bbox 1068 790 1194 851; x_wconf 82' lang='lat' dir='ltr'><strong>copias</strong></span> <span class='ocrx_word' id='word_1_79' title='bbox 1231 791 1272 828; x_wconf 92' lang='lat' dir='ltr'><strong>in</strong></span> 
     </span>
     <span class='ocr_line' id='line_1_12' title="bbox 149 842 1270 894; baseline 0.001 -13"><span class='ocrx_word' id='word_1_80' title='bbox 149 855 276 881; x_wconf 87' lang='lat' dir='ltr'><strong>unum</strong></span> <span class='ocrx_word' id='word_1_81' title='bbox 292 843 420 880; x_wconf 91' lang='lat' dir='ltr'><strong>locum</strong></span> <span class='ocrx_word' id='word_1_82' title='bbox 439 842 564 894; x_wconf 85' lang='lat' dir='ltr'><strong>primo</strong></span> <span class='ocrx_word' id='word_1_83' title='bbox 584 855 738 894; x_wconf 88' lang='lat' dir='ltr'><strong>quoque</strong></span> <span class='ocrx_word' id='word_1_84' title='bbox 756 850 926 894; x_wconf 89' lang='lat' dir='ltr'><strong>tempore</strong></span> <span class='ocrx_word' id='word_1_85' title='bbox 944 844 1156 882; x_wconf 88' lang='lat' dir='ltr'><strong>convenire.</strong></span> <span class='ocrx_word' id='word_1_86' title='bbox 1189 844 1270 891; x_wconf 90' lang='lat' dir='ltr'><strong>Tu,</strong></span> 
     </span>
     <span class='ocr_line' id='line_1_13' title="bbox 149 895 1271 949; baseline 0 -14"><span class='ocrx_word' id='word_1_87' title='bbox 149 897 182 935; x_wconf 88' lang='lat' dir='ltr'><strong>si</strong></span> <span class='ocrx_word' id='word_1_88' title='bbox 201 897 272 935; x_wconf 89' lang='lat' dir='ltr'><strong>tibi</strong></span> <span class='ocrx_word' id='word_1_89' title='bbox 291 896 494 942; x_wconf 82' lang='lat' dir='ltr'><strong>videbitur,</strong></span> <span class='ocrx_word' id='word_1_90' title='bbox 511 895 619 934; x_wconf 89' lang='lat' dir='ltr'><strong>dabis</strong></span> <span class='ocrx_word' id='word_1_91' title='bbox 637 909 806 948; x_wconf 86' lang='lat' dir='ltr'><strong>operam,</strong></span> <span class='ocrx_word' id='word_1_92' title='bbox 827 898 1117 949; x_wconf 88' lang='lat' dir='ltr'><strong>quamprimum</strong></span> <span class='ocrx_word' id='word_1_93' title='bbox 1138 897 1187 935; x_wconf 89' lang='lat' dir='ltr'><strong>ad</strong></span> <span class='ocrx_word' id='word_1_94' title='bbox 1201 910 1271 936; x_wconf 90' lang='lat' dir='ltr'><strong>nos</strong></span> 
     </span>
     <span class='ocr_line' id='line_1_14' title="bbox 148 947 1272 1003; baseline 0.001 -13"><span class='ocrx_word' id='word_1_95' title='bbox 148 951 290 990; x_wconf 83' lang='lat' dir='ltr'><strong>venias.</strong></span> <span class='ocrx_word' id='word_1_96' title='bbox 323 950 497 988; x_wconf 84' lang='lat' dir='ltr'><strong>Praesidii</strong></span> <span class='ocrx_word' id='word_1_97' title='bbox 515 947 674 1002; x_wconf 85' lang='lat' dir='ltr'><strong>Capuae,</strong></span> <span class='ocrx_word' id='word_1_98' title='bbox 695 959 886 1003; x_wconf 89' lang='lat' dir='ltr'><strong>quantum</strong></span> <span class='ocrx_word' id='word_1_99' title='bbox 905 952 1174 991; x_wconf 84' lang='lat' dir='ltr'><strong>constitueritis</strong></span> <span class='ocrx_word' id='word_1_100' title='bbox 1193 965 1272 991; x_wconf 87' lang='lat' dir='ltr'><strong>esse</strong></span> 
     </span>
     <span class='ocr_line' id='line_1_15' title="bbox 147 1004 508 1056; baseline -0.006 -12"><span class='ocrx_word' id='word_1_101' title='bbox 147 1005 252 1054; x_wconf 85' lang='lat' dir='ltr'><strong>satis,</strong></span> <span class='ocrx_word' id='word_1_102' title='bbox 271 1004 508 1056; x_wconf 76' lang='lat' dir='ltr'><strong>relinquas-’⁹</strong></span> 
     </span>
    </p>
   </div>
   <div class='ocr_carea' id='block_1_4' title="bbox 136 1114 1270 1967">
    <p class='ocr_par' dir='ltr' id='par_1_4' title="bbox 136 1114 1270 1967">
     <span class='ocr_line' id='line_1_16' title="bbox 202 1114 1267 1168; baseline 0 -15"><span class='ocrx_word' id='word_1_103' title='bbox 202 1114 355 1154; x_wconf 82' lang='lat' dir='ltr'>Deinde</span> <span class='ocrx_word' id='word_1_104' title='bbox 387 1114 587 1167; x_wconf 87' lang='lat' dir='ltr'><strong>supposuit</strong></span> <span class='ocrx_word' id='word_1_105' title='bbox 623 1116 845 1167; x_wconf 84' lang='lat' dir='ltr'><strong>exemplum</strong></span> <span class='ocrx_word' id='word_1_106' title='bbox 884 1116 1051 1168; x_wconf 80' lang='lat' dir='ltr'><strong>epistolae</strong></span> <span class='ocrx_word' id='word_1_107' title='bbox 1087 1115 1267 1163; x_wconf 87' lang='lat' dir='ltr'><strong>Domitii,</strong></span> 
     </span>
     <span class='ocr_line' id='line_1_17' title="bbox 146 1169 1270 1221; baseline 0.001 -14"><span class='ocrx_word' id='word_1_108' title='bbox 146 1169 252 1221; x_wconf 87' lang='lat' dir='ltr'><strong>quod</strong></span> <span class='ocrx_word' id='word_1_109' title='bbox 266 1182 336 1221; x_wconf 90' lang='lat' dir='ltr'><strong>ego</strong></span> <span class='ocrx_word' id='word_1_110' title='bbox 354 1169 403 1207; x_wconf 88' lang='lat' dir='ltr'><strong>ad</strong></span> <span class='ocrx_word' id='word_1_111' title='bbox 416 1176 453 1207; x_wconf 86' lang='lat' dir='ltr'><strong>te</strong></span> <span class='ocrx_word' id='word_1_112' title='bbox 464 1169 585 1221; x_wconf 88' lang='lat' dir='ltr'><strong>pridie</strong></span> <span class='ocrx_word' id='word_1_113' title='bbox 599 1169 792 1208; x_wconf 87' lang='lat' dir='ltr'><strong>miseram.</strong></span> <span class='ocrx_word' id='word_1_114' title='bbox 823 1169 892 1207; x_wconf 81' lang='lat' dir='ltr'><strong>Dii</strong></span> <span class='ocrx_word' id='word_1_115' title='bbox 917 1171 1152 1208; x_wconf 84' lang='lat' dir='ltr'><strong>immortales</strong></span> <span class='ocrx_word' id='word_1_116' title='bbox 1168 1171 1177 1208; x_wconf 88' lang='lat'><strong>!</strong></span> <span class='ocrx_word' id='word_1_117' title='bbox 1201 1170 1270 1221; x_wconf 88' lang='lat' dir='ltr'><strong>qui</strong></span> 
     </span>
     <span class='ocr_line' id='line_1_18' title="bbox 140 1223 1267 1276; baseline -0.001 -14"><span class='ocrx_word' id='word_1_118' title='bbox 140 1236 210 1262; x_wconf 88' lang='lat' dir='ltr'><strong>me</strong></span> <span class='ocrx_word' id='word_1_119' title='bbox 223 1224 355 1262; x_wconf 86' lang='lat' dir='ltr'><strong>horror</strong></span> <span class='ocrx_word' id='word_1_120' title='bbox 379 1223 546 1274; x_wconf 84' lang='lat' dir='ltr'><strong>perfudit</strong></span> <span class='ocrx_word' id='word_1_121' title='bbox 564 1223 574 1261; x_wconf 75' lang='lat'>2</span> <span class='ocrx_word' id='word_1_122' title='bbox 608 1236 726 1275; x_wconf 87' lang='lat' dir='ltr'><strong>quam</strong></span> <span class='ocrx_word' id='word_1_123' title='bbox 746 1237 833 1262; x_wconf 90' lang='lat' dir='ltr'><strong>sum</strong></span> <span class='ocrx_word' id='word_1_124' title='bbox 853 1224 1049 1273; x_wconf 78' lang='lat' dir='ltr'><strong>sollicitus,</strong></span> <span class='ocrx_word' id='word_1_125' title='bbox 1079 1224 1267 1276; x_wconf 86' lang='lat' dir='ltr'><strong>quidnam</strong></span> 
     </span>
     <span class='ocr_line' id='line_1_19' title="bbox 140 1278 1265 1330; baseline 0 -14"><span class='ocrx_word' id='word_1_126' title='bbox 140 1278 320 1316; x_wconf 74' lang='lat' dir='ltr'><strong>futurum</strong></span> <span class='ocrx_word' id='word_1_127' title='bbox 336 1278 407 1317; x_wconf 90' lang='lat' dir='ltr'><strong>sit!</strong></span> <span class='ocrx_word' id='word_1_128' title='bbox 439 1278 526 1316; x_wconf 92' lang='lat' dir='ltr'><strong>Hoc</strong></span> <span class='ocrx_word' id='word_1_129' title='bbox 540 1285 670 1316; x_wconf 87' lang='lat' dir='ltr'><strong>tamen</strong></span> <span class='ocrx_word' id='word_1_130' title='bbox 685 1291 808 1330; x_wconf 88' lang='lat' dir='ltr'><strong>spero,</strong></span> <span class='ocrx_word' id='word_1_131' title='bbox 824 1291 1012 1330; x_wconf 87' lang='lat' dir='ltr'><strong>magnum</strong></span> <span class='ocrx_word' id='word_1_132' title='bbox 1028 1290 1170 1316; x_wconf 90' lang='lat' dir='ltr'><strong>nomen</strong></span> <span class='ocrx_word' id='word_1_133' title='bbox 1189 1278 1265 1315; x_wconf 87' lang='lat' dir='ltr'><strong>im-</strong></span> 
     </span>
     <span class='ocr_line' id='line_1_20' title="bbox 143 1332 1262 1384; baseline 0.002 -14"><span class='ocrx_word' id='word_1_134' title='bbox 143 1332 325 1384; x_wconf 74' lang='lat' dir='ltr'><strong>peratoris</strong></span> <span class='ocrx_word' id='word_1_135' title='bbox 344 1332 437 1381; x_wconf 87' lang='lat' dir='ltr'><strong>fore,</strong></span> <span class='ocrx_word' id='word_1_136' title='bbox 458 1345 645 1384; x_wconf 84' lang='lat' dir='ltr'><strong>magnum</strong></span> <span class='ocrx_word' id='word_1_137' title='bbox 664 1332 705 1370; x_wconf 91' lang='lat' dir='ltr'><strong>in</strong></span> <span class='ocrx_word' id='word_1_138' title='bbox 724 1332 890 1370; x_wconf 83' lang='lat' dir='ltr'><strong>adventu</strong></span> <span class='ocrx_word' id='word_1_139' title='bbox 911 1340 1091 1370; x_wconf 86' lang='lat' dir='ltr'><strong>terrorem</strong></span> <span class='ocrx_word' id='word_1_140' title='bbox 1108 1361 1262 1372; x_wconf 85' lang='grc'><strong>.........</strong></span> 
     </span>
     <span class='ocr_line' id='line_1_21' title="bbox 143 1386 1262 1438; baseline -0.001 -13"><span class='ocrx_word' id='word_1_141' title='bbox 143 1387 265 1437; x_wconf 87' lang='lat' dir='ltr'><strong>Spero</strong></span> <span class='ocrx_word' id='word_1_142' title='bbox 291 1386 421 1435; x_wconf 90' lang='lat' dir='ltr'><strong>etiam,</strong></span> <span class='ocrx_word' id='word_1_143' title='bbox 463 1386 643 1438; x_wconf 87' lang='lat' dir='ltr'><strong>quoniam</strong></span> <span class='ocrx_word' id='word_1_144' title='bbox 674 1387 801 1425; x_wconf 86' lang='lat' dir='ltr'><strong>adhuc</strong></span> <span class='ocrx_word' id='word_1_145' title='bbox 839 1386 938 1424; x_wconf 91' lang='lat' dir='ltr'><strong>nihil</strong></span> <span class='ocrx_word' id='word_1_146' title='bbox 975 1386 1085 1425; x_wconf 91' lang='lat' dir='ltr'><strong>nobis</strong></span> <span class='ocrx_word' id='word_1_147' title='bbox 1122 1386 1262 1434; x_wconf 91' lang='lat' dir='ltr'><strong>obfuit,</strong></span> 
     </span>
     <span class='ocr_line' id='line_1_22' title="bbox 140 1439 1266 1492; baseline -0.002 -13"><span class='ocrx_word' id='word_1_148' title='bbox 140 1441 240 1480; x_wconf 87' lang='lat' dir='ltr'><strong>nihil</strong></span> <span class='ocrx_word' id='word_1_149' title='bbox 268 1440 460 1479; x_wconf 84' lang='lat' dir='ltr'><strong>mutasse:</strong></span> <span class='ocrx_word' id='word_1_150' title='bbox 490 1453 559 1479; x_wconf 88' lang='grc'><strong>1166</strong></span> <span class='ocrx_word' id='word_1_151' title='bbox 583 1441 750 1492; x_wconf 84' lang='lat' dir='ltr'><strong>tegentia</strong></span> <span class='ocrx_word' id='word_1_152' title='bbox 774 1440 861 1489; x_wconf 83' lang='grc'><strong>1106,</strong></span> <span class='ocrx_word' id='word_1_153' title='bbox 886 1440 989 1492; x_wconf 92' lang='lat' dir='ltr'><strong>quod</strong></span> <span class='ocrx_word' id='word_1_154' title='bbox 1009 1453 1098 1478; x_wconf 88' lang='lat' dir='ltr'><strong>cum</strong></span> <span class='ocrx_word' id='word_1_155' title='bbox 1117 1439 1266 1478; x_wconf 88' lang='lat' dir='ltr'><strong>fortiter</strong></span> 
     </span>
     <span class='ocr_line' id='line_1_23' title="bbox 142 1493 1265 1546; baseline -0.003 -12"><span class='ocrx_word' id='word_1_156' title='bbox 142 1503 182 1535; x_wconf 87' lang='lat' dir='ltr'><strong>et</strong></span> <span class='ocrx_word' id='word_1_157' title='bbox 193 1495 407 1546; x_wconf 85' lang='lat' dir='ltr'><strong>diligenter,</strong></span> <span class='ocrx_word' id='word_1_158' title='bbox 420 1502 505 1533; x_wconf 90' lang='lat' dir='ltr'><strong>tum</strong></span> <span class='ocrx_word' id='word_1_159' title='bbox 524 1494 653 1541; x_wconf 80' lang='lat' dir='ltr'><strong>etiam,</strong></span> <span class='ocrx_word' id='word_1_160' title='bbox 661 1495 843 1533; x_wconf 89' lang='lat' dir='ltr'><strong>hercule.</strong></span> <span class='ocrx_word' id='word_1_161' title='bbox 913 1494 1063 1532; x_wconf 76' lang='lat' dir='ltr'><strong>,Modo</strong></span> <span class='ocrx_word' id='word_1_162' title='bbox 1077 1493 1180 1532; x_wconf 90' lang='lat' dir='ltr'><strong>enim</strong></span> <span class='ocrx_word' id='word_1_163' title='bbox 1196 1507 1265 1532; x_wconf 90' lang='lat' dir='ltr'><strong>au-</strong></span> 
     </span>
     <span class='ocr_line' id='line_1_24' title="bbox 143 1547 1266 1601; baseline -0.003 -13"><span class='ocrx_word' id='word_1_164' title='bbox 143 1549 238 1594; x_wconf 82' lang='lat' dir='ltr'><strong>divi,</strong></span> <span class='ocrx_word' id='word_1_165' title='bbox 264 1555 492 1601; x_wconf 82' lang='lat' dir='ltr'><strong>quartanam</strong></span> <span class='ocrx_word' id='word_1_166' title='bbox 519 1562 542 1586; x_wconf 91' lang='lat' dir='ltr'><strong>a</strong></span> <span class='ocrx_word' id='word_1_167' title='bbox 565 1556 603 1587; x_wconf 90' lang='lat' dir='ltr'><strong>te</strong></span> <span class='ocrx_word' id='word_1_168' title='bbox 627 1548 851 1587; x_wconf 84' lang='lat' dir='ltr'><strong>discessisse.</strong></span> <span class='ocrx_word' id='word_1_169' title='bbox 892 1548 1055 1595; x_wconf 86' lang='lat' dir='ltr'><strong>Moriar,</strong></span> <span class='ocrx_word' id='word_1_170' title='bbox 1086 1548 1118 1586; x_wconf 90' lang='lat' dir='ltr'><strong>si</strong></span> <span class='ocrx_word' id='word_1_171' title='bbox 1140 1547 1266 1599; x_wconf 85' lang='lat' dir='ltr'><strong>magis</strong></span> 
     </span>
     <span class='ocr_line' id='line_1_25' title="bbox 143 1594 1265 1656; baseline -0.003 -13"><span class='ocrx_word' id='word_1_172' title='bbox 143 1594 366 1656; x_wconf 78' lang='lat' dir='ltr'><strong>gauderem,</strong></span> <span class='ocrx_word' id='word_1_173' title='bbox 387 1602 418 1640; x_wconf 92' lang='lat' dir='ltr'><strong>si</strong></span> <span class='ocrx_word' id='word_1_174' title='bbox 435 1602 475 1639; x_wconf 88' lang='lat' dir='ltr'><strong>id</strong></span> <span class='ocrx_word' id='word_1_175' title='bbox 494 1602 591 1640; x_wconf 91' lang='lat' dir='ltr'><strong>mihi</strong></span> <span class='ocrx_word' id='word_1_176' title='bbox 615 1603 823 1641; x_wconf 84' lang='lat' dir='ltr'><strong>accidisset.</strong></span> <span class='ocrx_word' id='word_1_177' title='bbox 854 1602 964 1640; x_wconf 81' lang='lat' dir='ltr'><strong>Piliae</strong></span> <span class='ocrx_word' id='word_1_178' title='bbox 986 1601 1061 1649; x_wconf 79' lang='lat' dir='ltr'><strong>dic,</strong></span> <span class='ocrx_word' id='word_1_179' title='bbox 1088 1614 1165 1639; x_wconf 92' lang='lat' dir='ltr'><strong>non</strong></span> <span class='ocrx_word' id='word_1_180' title='bbox 1186 1614 1265 1640; x_wconf 86' lang='lat' dir='ltr'><strong>esse</strong></span> 
     </span>
     <span class='ocr_line' id='line_1_26' title="bbox 142 1656 1264 1710; baseline -0.003 -14"><span class='ocrx_word' id='word_1_181' title='bbox 142 1670 317 1710; x_wconf 79' lang='lat' dir='ltr'><strong>aequum,</strong></span> <span class='ocrx_word' id='word_1_182' title='bbox 337 1669 423 1694; x_wconf 89' lang='lat' dir='ltr'><strong>eam</strong></span> <span class='ocrx_word' id='word_1_183' title='bbox 441 1656 583 1694; x_wconf 87' lang='lat' dir='ltr'><strong>diutius</strong></span> <span class='ocrx_word' id='word_1_184' title='bbox 601 1657 755 1702; x_wconf 85' lang='lat' dir='ltr'><strong>habere,</strong></span> <span class='ocrx_word' id='word_1_185' title='bbox 775 1669 844 1694; x_wconf 90' lang='lat' dir='ltr'><strong>nec</strong></span> <span class='ocrx_word' id='word_1_186' title='bbox 862 1656 903 1693; x_wconf 92' lang='lat' dir='ltr'><strong>id</strong></span> <span class='ocrx_word' id='word_1_187' title='bbox 922 1668 1001 1694; x_wconf 88' lang='lat' dir='ltr'><strong>esse</strong></span> <span class='ocrx_word' id='word_1_188' title='bbox 1015 1663 1148 1694; x_wconf 87' lang='lat' dir='ltr'><strong>vestrae</strong></span> <span class='ocrx_word' id='word_1_189' title='bbox 1172 1668 1264 1694; x_wconf 90' lang='lat' dir='ltr'><strong>con-</strong></span> 
     </span>
     <span class='ocr_line' id='line_1_27' title="bbox 143 1709 1262 1751; baseline -0.004 0"><span class='ocrx_word' id='word_1_190' title='bbox 143 1711 290 1751; x_wconf 86' lang='lat' dir='ltr'><strong>cordiae.</strong></span> <span class='ocrx_word' id='word_1_191' title='bbox 321 1710 506 1748; x_wconf 89' lang='lat' dir='ltr'><strong>Tironem</strong></span> <span class='ocrx_word' id='word_1_192' title='bbox 524 1717 698 1748; x_wconf 84' lang='lat' dir='ltr'><strong>nostrum</strong></span> <span class='ocrx_word' id='word_1_193' title='bbox 724 1712 772 1748; x_wconf 88' lang='lat' dir='ltr'><strong>ab</strong></span> <span class='ocrx_word' id='word_1_194' title='bbox 793 1709 911 1748; x_wconf 85' lang='lat' dir='ltr'><strong>altera</strong></span> <span class='ocrx_word' id='word_1_195' title='bbox 935 1709 1111 1747; x_wconf 84' lang='lat' dir='ltr'><strong>relictum</strong></span> <span class='ocrx_word' id='word_1_196' title='bbox 1134 1709 1262 1747; x_wconf 85' lang='lat' dir='ltr'><strong>audio.</strong></span> 
     </span>
     <span class='ocr_line' id='line_1_28' title="bbox 143 1763 1263 1815; baseline -0.004 -10"><span class='ocrx_word' id='word_1_197' title='bbox 143 1766 220 1806; x_wconf 85' lang='lat' dir='ltr'><strong>Sed</strong></span> <span class='ocrx_word' id='word_1_198' title='bbox 238 1778 328 1804; x_wconf 90' lang='lat' dir='ltr'><strong>eum</strong></span> <span class='ocrx_word' id='word_1_199' title='bbox 346 1764 456 1803; x_wconf 90' lang='lat' dir='ltr'><strong>video</strong></span> <span class='ocrx_word' id='word_1_200' title='bbox 484 1763 523 1801; x_wconf 88' lang='lat' dir='ltr'><strong>in</strong></span> <span class='ocrx_word' id='word_1_201' title='bbox 543 1772 716 1802; x_wconf 88' lang='lat' dir='ltr'><strong>sumtum</strong></span> <span class='ocrx_word' id='word_1_202' title='bbox 735 1766 783 1802; x_wconf 87' lang='lat' dir='ltr'><strong>ab</strong></span> <span class='ocrx_word' id='word_1_203' title='bbox 805 1764 888 1802; x_wconf 86' lang='lat' dir='ltr'><strong>aliis</strong></span> <span class='ocrx_word' id='word_1_204' title='bbox 907 1770 1156 1801; x_wconf 81' lang='lat' dir='ltr'><strong>mutuatum:</strong></span> <span class='ocrx_word' id='word_1_205' title='bbox 1192 1777 1263 1815; x_wconf 89' lang='lat' dir='ltr'><strong>ego</strong></span> 
     </span>
     <span class='ocr_line' id='line_1_29' title="bbox 139 1817 1260 1869; baseline -0.004 -9"><span class='ocrx_word' id='word_1_206' title='bbox 139 1827 270 1860; x_wconf 88' lang='lat' dir='ltr'><strong>autem</strong></span> <span class='ocrx_word' id='word_1_207' title='bbox 291 1817 457 1859; x_wconf 86' lang='lat' dir='ltr'><strong>Curium</strong></span> <span class='ocrx_word' id='word_1_208' title='bbox 468 1824 656 1867; x_wconf 85' lang='lat' dir='ltr'><strong>nostrum,</strong></span> <span class='ocrx_word' id='word_1_209' title='bbox 677 1818 709 1856; x_wconf 90' lang='lat' dir='ltr'><strong>si</strong></span> <span class='ocrx_word' id='word_1_210' title='bbox 727 1818 821 1869; x_wconf 89' lang='lat' dir='ltr'><strong>quid</strong></span> <span class='ocrx_word' id='word_1_211' title='bbox 839 1831 935 1869; x_wconf 90' lang='lat' dir='ltr'><strong>opus</strong></span> <span class='ocrx_word' id='word_1_212' title='bbox 948 1824 1056 1865; x_wconf 87' lang='lat' dir='ltr'><strong>esset,</strong></span> <span class='ocrx_word' id='word_1_213' title='bbox 1069 1830 1260 1868; x_wconf 72' lang='lat' dir='ltr'><strong>rogatam.</strong></span> 
     </span>
     <span class='ocr_line' id='line_1_30' title="bbox 140 1872 1262 1923; baseline -0.004 -10"><span class='ocrx_word' id='word_1_214' title='bbox 140 1874 252 1913; x_wconf 87' lang='lat' dir='ltr'><strong>Malo</strong></span> <span class='ocrx_word' id='word_1_215' title='bbox 273 1873 428 1912; x_wconf 85' lang='lat' dir='ltr'><strong>Tironis</strong></span> <span class='ocrx_word' id='word_1_216' title='bbox 446 1872 711 1910; x_wconf 81' lang='lat' dir='ltr'><strong>verecundiam</strong></span> <span class='ocrx_word' id='word_1_217' title='bbox 736 1873 777 1909; x_wconf 90' lang='lat' dir='ltr'><strong>in</strong></span> <span class='ocrx_word' id='word_1_218' title='bbox 797 1872 911 1922; x_wconf 64' lang='lat' dir='ltr'><strong>culpa</strong></span> <span class='ocrx_word' id='word_1_219' title='bbox 930 1884 1022 1918; x_wconf 89' lang='lat' dir='ltr'><strong>esse,</strong></span> <span class='ocrx_word' id='word_1_220' title='bbox 1043 1884 1163 1923; x_wconf 86' lang='lat' dir='ltr'><strong>quam</strong></span> <span class='ocrx_word' id='word_1_221' title='bbox 1181 1872 1262 1909; x_wconf 91' lang='lat' dir='ltr'><strong>illi-</strong></span> 
     </span>
     <span class='ocr_line' id='line_1_31' title="bbox 136 1925 518 1967; baseline -0.01 0"><span class='ocrx_word' id='word_1_222' title='bbox 136 1928 376 1967; x_wconf 87' lang='lat' dir='ltr'><strong>beralitatem</strong></span> <span class='ocrx_word' id='word_1_223' title='bbox 398 1925 518 1966; x_wconf 90' lang='lat' dir='ltr'><strong>Curii.</strong></span> 
     </span>
    </p>
   </div>
   <div class='ocr_carea' id='block_1_5' title="bbox 372 2032 1028 2086">
    <p class='ocr_par' dir='ltr' id='par_1_5' title="bbox 372 2032 1028 2086">
     <span class='ocr_line' id='line_1_32' title="bbox 372 2032 1028 2086; baseline -0.003 -12"><span class='ocrx_word' id='word_1_224' title='bbox 372 2034 457 2086; x_wconf 78' lang='lat'><strong>(7.)</strong></span> <span class='ocrx_word' id='word_1_225' title='bbox 490 2033 706 2075; x_wconf 82' lang='lat' dir='ltr'>CICERO</span> <span class='ocrx_word' id='word_1_226' title='bbox 736 2032 960 2073; x_wconf 79' lang='lat' dir='ltr'>ATTICO</span> <span class='ocrx_word' id='word_1_227' title='bbox 989 2034 1028 2072; x_wconf 85' lang='lat' dir='ltr'><strong>S.</strong></span> 
     </span>
    </p>
   </div>
   <div class='ocr_carea' id='block_1_6' title="bbox 134 2141 1253 2303">
    <p class='ocr_par' dir='ltr' id='par_1_6' title="bbox 134 2141 1253 2303">
     <span class='ocr_line' id='line_1_33' title="bbox 188 2141 1252 2183; baseline -0.003 0"><span class='ocrx_word' id='word_1_228' title='bbox 188 2144 328 2183; x_wconf 89' lang='lat' dir='ltr'><strong>Unum</strong></span> <span class='ocrx_word' id='word_1_229' title='bbox 352 2144 467 2182; x_wconf 86' lang='lat' dir='ltr'><strong>etiam</strong></span> <span class='ocrx_word' id='word_1_230' title='bbox 491 2151 607 2183; x_wconf 88' lang='lat' dir='ltr'><strong>restat</strong></span> <span class='ocrx_word' id='word_1_231' title='bbox 631 2144 754 2183; x_wconf 87' lang='lat' dir='ltr'><strong>amico</strong></span> <span class='ocrx_word' id='word_1_232' title='bbox 778 2151 907 2183; x_wconf 87' lang='lat' dir='ltr'><strong>nostro</strong></span> <span class='ocrx_word' id='word_1_233' title='bbox 932 2142 981 2181; x_wconf 86' lang='lat' dir='ltr'><strong>ad</strong></span> <span class='ocrx_word' id='word_1_234' title='bbox 1011 2154 1125 2182; x_wconf 89' lang='lat' dir='ltr'><strong>omne</strong></span> <span class='ocrx_word' id='word_1_235' title='bbox 1143 2141 1252 2181; x_wconf 88' lang='lat' dir='ltr'><strong>dede-</strong></span> 
     </span>
     <span class='ocr_line' id='line_1_34' title="bbox 134 2196 1253 2246; baseline -0.003 -8"><span class='ocrx_word' id='word_1_236' title='bbox 134 2212 213 2246; x_wconf 84' lang='lat' dir='ltr'><strong>cus,</strong></span> <span class='ocrx_word' id='word_1_237' title='bbox 240 2205 284 2235; x_wconf 90' lang='lat' dir='ltr'><strong>ut</strong></span> <span class='ocrx_word' id='word_1_238' title='bbox 303 2197 476 2236; x_wconf 87' lang='lat' dir='ltr'><strong>Domitio</strong></span> <span class='ocrx_word' id='word_1_239' title='bbox 501 2210 578 2236; x_wconf 90' lang='lat' dir='ltr'><strong>non</strong></span> <span class='ocrx_word' id='word_1_240' title='bbox 604 2198 818 2239; x_wconf 83' lang='lat' dir='ltr'><strong>subveniat.</strong></span> <span class='ocrx_word' id='word_1_241' title='bbox 863 2198 915 2237; x_wconf 88' lang='lat' dir='ltr'><strong>At</strong></span> <span class='ocrx_word' id='word_1_242' title='bbox 941 2209 1055 2236; x_wconf 90' lang='lat' dir='ltr'><strong>nemo</strong></span> <span class='ocrx_word' id='word_1_243' title='bbox 1088 2196 1253 2245; x_wconf 85' lang='lat' dir='ltr'><strong>dubitat,</strong></span> 
     </span>
     <span class='ocr_line' id='line_1_35' title="bbox 187 2250 978 2303; baseline 0 -14"><span class='ocrx_word' id='word_1_244' title='bbox 187 2250 353 2303; x_wconf 66' lang='lat' dir='ltr'><strong>(Epist.)</strong></span> <span class='ocrx_word' id='word_1_245' title='bbox 386 2263 490 2292; x_wconf 81' lang='lat' dir='ltr'>VOL.</span> <span class='ocrx_word' id='word_1_246' title='bbox 514 2263 564 2290; x_wconf 89' lang='grc'><strong>11.</strong></span> <span class='ocrx_word' id='word_1_247' title='bbox 903 2253 928 2289; x_wconf 80' lang='grc'>2</span> <span class='ocrx_word' id='word_1_248' title='bbox 950 2262 978 2289; x_wconf 83' lang='lat' dir='ltr'>K</span> 
     </span>
    </p>
   </div>
  </div>
 </body>
</html>
