1513 2382
174 112 250 150 144
413 109 497 149 AD
516 108 809 149 ATTICUM.
838 107 940 148 Lm.
961 108 995 149 1.
1014 111 1054 149 6.

161 226 258 258 esset
275 217 465 267 offensior,
496 231 520 257 a
543 231 607 257 me
626 217 797 269 recolligi
819 223 1018 269 oportere;
1047 216 1144 269 quid
1161 216 1291 255 dicas:

164 285 290 325 neque
308 274 349 311 id.
367 273 544 325 neglexi:
575 273 641 311 sed
660 279 716 311 est
733 272 835 310 miro
859 271 1026 323 quodam
1046 271 1162 310 modo
1181 270 1295 309 affec-

163 335 239 366 tus.
269 328 357 390 Ego
386 335 530 376 autem,
565 340 653 378 quae
682 325 843 365 dicenda
874 326 1032 363 fuerunt
1063 325 1111 363 de
1139 332 1190 373 te,
1216 336 1293 362 non

166 383 342 433 praeterii.
373 381 481 430 Quid
509 388 639 419 autem
670 379 980 419 contendendum
1010 386 1119 426 esset,
1150 392 1198 417 ex
1226 379 1296 417 tua

167 438 354 487 putabam
382 436 580 474 voluntate
612 442 776 473 statuere
806 442 1003 485 oportere3
1034 446 1154 485 quam
1184 433 1216 472 si
1247 432 1297 470 ad

165 502 230 528 me
241 490 513 542 perscripseris,
522 489 711 539 intelliges
722 501 786 526 me
798 500 923 539 neque
929 487 1208 539 diligentiorem
1217 499 1298 526 esse

165 545 343 592 voluisse,
364 556 483 596 quam
503 552 546 581 tu
565 556 677 591 oeses,
698 555 822 594 neque
852 542 1170 593 negligentiorem
1199 541 1295 589 fore,

168 612 289 651 quam
308 606 352 636 tu
372 598 478 636 velis.

220 653 285 691 De
301 649 478 690 Tadiana
496 664 550 698 re,
579 663 735 689 mecum
753 649 901 688 Tadius
918 649 1068 688 locutus
1087 656 1156 697 ωε,
1185 655 1224 687 te
1241 648 1296 688 ita

170 707 374 758 scripsisse,
394 705 492 743 nihil
511 718 590 743 esse
605 706 704 755 jam,
721 704 826 755 quod
839 704 1090 750 laboraretur,
1111 703 1296 755 quoniam

167 761 368 799 haereditas
386 767 573 810 usucapta
592 766 698 797 esset.
730 758 779 795 Id
797 758 1036 795 mirabamur
1056 764 1092 795 te
1106 757 1295 808 ignorare,

168 815 216 853 de
235 815 357 852 tutela
383 813 572 864 legitima,
603 813 644 850 in
663 825 740 864 qua
759 812 899 850 dicitur
918 824 998 850 esse
1022 812 1168 862 puella,
1199 811 1298 849 nihil

167 868 329 920 usucapi
346 880 469 919 posse.

221 922 459 974 Epiroticam
489 920 695 959 emtionem
726 920 875 971 gaudeo
907 919 978 958 tibi
1004 919 1166 971 placere.
1195 919 1299 968 Quae

168 977 239 1015 tibi
266 975 462 1022 mandavi,
495 983 532 1013 et
550 988 638 1026 quae
657 987 699 1013 tu
719 975 910 1026 intelliges
942 973 1142 1012 convenire
1169 981 1299 1012 nostro

167 1031 405 1075 Tusculano,
433 1029 564 1076 velim,
587 1030 650 1081 (ut
680 1029 831 1076 scribis)
849 1041 970 1073 cures,
992 1027 1096 1079 quod
1116 1027 1196 1066 sine
1213 1041 1300 1066 mo—

166 1085 277 1123 lestia
295 1084 364 1122 tua
381 1084 503 1122 facere
521 1083 685 1135 poteris.
716 1095 808 1120 nam
834 1095 918 1130 nos,
948 1095 996 1120 ex
1015 1081 1196 1120 omnibus
1212 1095 1297 1120 mo-

165 1139 284 1178 lestiis
303 1146 341 1176 et
369 1137 578 1184 laboribus,
605 1149 684 1175 uno
713 1137 809 1175 illo'
798 1149 839 1174 in
858 1137 941 1175 loco
960 1135 1293 1188 conquiescimus,
1281 1149 1292 1160 ·

169 1206 247 1245 quo
265 1193 423 1230 fratrem
443 1191 613 1243 quotidie
632 1199 910 1241 exspectamus.

218 1246 399 1285 Terentia
416 1257 576 1296 magnos
594 1245 844 1283 articulorum
862 1244 1009 1282 dolores
1027 1244 1170 1282 habet·
1157 1269 1169 1289 ,
1191 1250 1228 1282 et
1241 1251 1292 1292 te,

165 1308 205 1340 et
223 1313 388 1339 sororem
407 1307 530 1346 tuam,
563 1306 600 1337 et
624 1306 802 1345 matrem,
831 1297 1002 1336 maxime
1030 1298 1170 1350 diligit,
1192 1299 1296 1336 salu-

159 1362 326 1406 temque
342 1353 412 1391 tibi
429 1353 639 1404 plurimam
660 1352 853 1399 adscribit,
881 1361 918 1390 et
937 1351 1122 1399 Tulliola,
1150 1351 1296 1391 delieiae

166 1416 318 1447 nostrae.
348 1408 453 1447 Cura
466 1415 511 1445 ut
529 1407 670 1455 valeas,
687 1414 723 1444 et
738 1419 807 1445 nos
825 1419 958 1453 ames;
993 1414 1031 1445 et
1049 1406 1120 1445 tibi
1138 1419 1296 1458 persua-

167 1463 272 1513 daes,
293 1470 330 1501 te
348 1475 372 1500 a
388 1474 452 1500 me
469 1461 635 1499 fraterne
653 1460 788 1499 amari.

405 1569 495 1619 (6.)
523 1568 736 1609 cioERo
763 1567 990 1609 ATTico
1018 1569 1059 1609 s.

217 1680 311 1719 Non
323 1677 562 1718 committam
576 1678 748 1730 posthac,
765 1685 810 1717 ut
826 1691 891 1717 me
908 1691 1084 1717 accusare
1094 1677 1142 1717 de
1153 1678 1294 1730 episto-

166 1735 294 1773 larum
311 1733 546 1784 negligentia
563 1733 695 1794 possis.
725 1732 789 1770 Tu
807 1733 924 1771 modo
949 1732 1088 1781 videto,
1118 1733 1159 1770 in
1188 1740 1296 1772 tanto

168 1789 260 1837 otio,
280 1795 326 1826 ut
343 1800 414 1849 par
431 1786 529 1824 mihi
548 1787 611 1825 sis.
641 1787 818 1826 Domum
839 1786 1091 1825 Rabirianam
1111 1787 1294 1839 Neapoli,

169 1855 289 1894 quam
308 1849 351 1880 tu
374 1842 458 1891 jam
483 1840 697 1879 dimensam
722 1849 760 1879 et
784 1841 1059 1879 exaedificatam
1079 1840 1209 1880 animo
1227 1841 1298 1880 ha-

167 1899 299 1943 bebas,
321 1895 382 1933 Μ.
404 1895 588 1933 Fonteius
607 1895 699 1933 emit
719 1895 793 1933 HS
820 1893 1215 1934 CCCIDQDXXX.
1246 1895 1296 1934 Id

165 1958 204 1989 te
223 1950 316 1988 scire
334 1949 452 1996 volui,
467 1948 500 1986 si
519 1949 613 2000 quid
632 1949 727 1988 forte
746 1962 791 1988 ea
808 1963 868 1988 res
882 1949 932 1987 ad
944 1948 1190 2000 cogitationes
1204 1956 1292 1988 tuas

169 2003 385 2056 pertineret.
415 2002 588 2050 Quintus
606 2003 736 2052 frater,
756 2010 802 2041 ut
825 2003 924 2042 mihi
943 2003 1106 2051 videtur,
1133 2016 1211 2054 quo
1229 2016 1296 2041 vo-

167 2058 302 2096 lumus
321 2057 451 2095 animo
471 2063 526 2095 est
543 2057 584 2094 in
605 2057 889 2109 Pomponiam3
920 2063 958 2096 et
971 2070 1061 2096 cum
1075 2057 1121 2096 ea
1138 2057 1295 2095 nuncin

169 2111 426 2163 Arpinatibus
444 2111 596 2162 praediis
615 2119 708 2159 erat,
722 2119 759 2150 et
770 2124 900 2151 secum
917 2110 1083 2150 habebat
1095 2111 1294 2150 hominem

165 2165 424 2217 χρηστομαθη,
446 2164 500 2202 Ι).
517 2164 769 2207 Turranium.
803 2166 919 2206 Pater
936 2165 1048 2206 nobis
1070 2165 1229 2206 decessit
1253 2178 1289 2204 a.

167 2219 205 2258 (1.
226 2218 340 2259 VIII
358 2218 446 2259 Cal.
465 2218 710 2260 Decembres.
