1513 2382
332 59 416 100 AD
445 31 865 99 ATTICUM.'L113.
888 57 964 98 v1.
993 60 1031 96 8.
1161 58 1241 95 323

195 166 288 206 Tiro
324 167 375 206 ad
411 176 449 206 te
480 167 646 206 dedisset
682 167 824 214 literas,
863 167 935 205 nisi
961 178 1050 205 eum
1079 178 1171 217 grav
1173 165 1243 203 iter

125 234 272 272 aegrum
290 221 540 273 reliquissem.
570 220 646 260 Sed
664 222 858 267 nuntiant,
878 220 1017 259 melius
1036 232 1127 258 esse.
1157 219 1246 270 Ego

125 282 255 313 tamen
286 288 430 327 angor:
461 276 559 314 nihil
592 275 695 314 enim
727 275 794 313 illo
827 275 1062 314 adolescente
1091 273 1243 320 castius,

125 328 223 367 nihil
241 327 474 382 diligentius.

360 493 450 544 (8.)
481 490 696 531 CICERO
726 489 940 530 ATTICO
971 490 1011 528 s,

195 598 301 639 Cum
335 599 587 637 instituissem
619 597 669 636 ad
700 604 740 636 te
773 597 946 645 scribere,
976 597 1247 649 calamumque

124 653 360 701 sumsissem,
380 653 601 699 Battonius,
622 665 643 689 e
661 651 764 699 navi,
791 650 891 689 recta
909 651 958 689 ad
976 664 1039 688 me
1056 652 1161 689 venit
1179 651 1247 689 do-

123 719 237 745 mum
255 707 415 758 Ephesi,
443 715 480 746 et
498 706 697 758 epistolam
715 714 823 743 tuam
838 705 1002 743 reddidit
1016 704 1137 756 pridie
1159 703 1245 745 Cal,

125 760 324 799 Octobres.
353 761 527 799 Laetatus
553 772 641 798 sum
667 759 845 798 felicitate
869 759 1121 809 navigationis
1153 766 1246 805 tuae,

124 815 410 866 opportunitate
448 814 572 860 Piliae,
619 813 735 851 etiam
774 811 1027 864 (mehercule)
1073 825 1247 851 sermone

125 869 299 919 ejusdem
311 869 359 906 de
377 868 560 919 conjugio
574 867 716 905 Tulliae
734 880 841 906 meae.

178 923 386 961 Battonius
400 930 530 960 autem
549 922 666 959 miros
684 929 844 959 terrores
862 921 912 960 ad
930 933 993 959 me
1011 920 1140 959 attulit
1161 919 1247 961 Cae-

123 976 315 1015 sarianos:
346 989 436 1015 cum
448 976 575 1027 Lepta
587 975 702 1013 etiam
721 976 833 1026 plura
850 976 1001 1014 locutus
1021 982 1102 1020 est;
1123 988 1246 1026 spero,

122 1030 235 1079 falsa,
256 1030 322 1069 sed
340 1038 438 1069 certe
456 1029 676 1068 horribilia:
708 1030 917 1067 exercitum
932 1028 1040 1066 nullo
1055 1028 1171 1067 modo
1190 1029 1248 1067 di-

125 1084 360 1122 missurum:
391 1096 481 1122 cum
508 1083 576 1121 illo
604 1090 783 1134 praetorae
801 1083 1031 1134 designatos,
1064 1081 1245 1121 Cassium

124 1137 327 1176 tribunum
344 1138 481 1189 plebis,
503 1137 721 1176 Lentulum
735 1137 945 1184 consulem,
961 1137 1108 1175 facere:
1130 1137 1253 1175 Pom-

125 1191 212 1245 peio
231 1192 272 1230 in
291 1192 421 1230 animo
440 1204 532 1240 esse,
545 1191 695 1230 Urbem
713 1191 940 1243 relinquere.

181 1245 258 1285 Sed
270 1245 366 1285 heus
384 1253 442 1293 tu,
462 1245 656 1297 numquid
673 1246 831 1283 moleste
849 1245 924 1283 fers
942 1243 990 1282 de
1011 1244 1094 1291 illo,
1114 1244 1183 1296 qui
1209 1258 1249 1284 se

126 1300 221 1339 solet
238 1300 425 1339 anteferre
441 1307 579 1351 patruo
604 1299 739 1339 sororis
765 1307 843 1338 tuae
873 1298 944 1337 filii
961 1300 979 1337 Ρ
1008 1305 1048 1337 at
1066 1311 1090 1336 a
1107 1299 1251 1350 quibus

125 1354 249 1396 victus
262 1356 280 1393 ,⁹
310 1354 387 1393 Sed
405 1354 455 1392 ad
467 1366 562 1392 rem.

180 1409 266 1451 Nos
296 1408 439 1448 Etesiae
463 1405 797 1447 vehementissime
812 1406 1024 1446 tardarunt.
1068 1406 1249 1445 Detraxit

128 1462 215 1501 XX
236 1462 338 1514 ipsos
363 1462 443 1502 dies
473 1461 589 1501 etiam
619 1460 824 1512 aphractus
861 1460 1117 1499 Rhodiorum.
1163 1459 1248 1499 Cal.

129 1516 268 1555 Octob.
292 1516 463 1566 Epheso,
482 1515 788 1561 conscendentes,
806 1514 907 1553 hanc
925 1514 1125 1565 epistolam
1144 1514 1251 1552 dedi-

128 1583 217 1608 mus
235 1570 284 1608 L.
306 1568 523 1621 Tarquitio,
550 1568 667 1607 simul
686 1581 706 1606 e
723 1576 838 1619 portu
857 1568 1077 1619 egredienti,
1099 1567 1164 1606 sed
1182 1581 1250 1606 ex-

127 1623 294 1676 peditius
306 1623 514 1676 naviganti.
543 1623 643 1670 Nos,
656 1622 900 1660 Rhodiorum
918 1622 1120 1673 aphractis,
1142 1630 1255 1661 caete-

128 1679 257 1730 risque
271 1677 396 1729 longis
413 1677 589 1724 navibus,
609 1676 903 1727 tranquillitates
924 1675 1152 1726 aucupaturi
1170 1689 1251 1714 era-

127 1745 228 1774 mus.
258 1733 322 1771 Ita
353 1738 483 1770 tamen
507 1731 821 1783 properabamus,
847 1736 892 1767 ut
915 1741 995 1768 non
1018 1736 1145 1781 posset
1169 1742 1251 1770 ma-

127 1799 251 1880 nge
274 1839 505 1878 raudusculo
523 1838 752 1885 Puteolano,
782 1844 949 1888 gratum.
995 1835 1039 1874 N
1039 1848 1115 1875 unc
1133 1837 1250 1877 velim

134 1893 312 1946 dispicias
330 1907 389 1932 ιω
408 1894 630 1933 Romanas:
651 1892 794 1939 videas,
807 1891 902 1943 quid
919 1890 1029 1930 nobis
1047 1890 1094 1928 de
1111 1892 1250 1930 trium-

130 1948 210 2000 pho
235 1947 482 2010 cogitandum
500 1954 638 1999 putes3
667 1945 718 1984 ad
736 1958 853 1997 quem
877 1944 991 1983 amici
1016 1956 1080 1984 me
1101 1953 1251 1984 vocant.

130 2003 235 2053 Ego,
254 2002 328 2041 11151
345 2002 515 2040 Bibulus
540 2001 641 2053 (qui,
674 1999 771 2037 dum
802 2012 904 2038 unus
932 1998 1052 2037 hostis
1080 1998 1123 2036 in
1140 2000 1256 2051 Syria

130 2056 220 2104 fuit,
239 2056 378 2108 pedem
395 2056 507 2108 porta
524 2067 602 2093 non
619 2054 708 2106 plus
726 2053 878 2102 extulit,
898 2065 1017 2105 quam
1035 2052 1150 2091 domo
1165 2054 1255 2102 sua)

132 2110 366 2150 anniteretur
384 2110 431 2150 de
449 2109 663 2162 triumpho,
689 2120 800 2159 aequo
824 2108 955 2146 animo
972 2120 1105 2146 essem.
1133 2108 1254 2146 Nunc

132 2177 222 2205 vero
243 2179 394 2216 αισχρον
430 2179 580 2216 mum-qs.
618 2162 696 2204 Sed
724 2162 883 2214 explora
909 2174 992 2202 tem
1017 2168 1163 2207 totam3
1193 2174 1253 2210 ut,
