1513 2382
309 69 393 108 AD
421 66 1020 108 ATTICUn1.L113.1v.3.
1155 70 1233 114 247

109 184 253 230 postea,
273 176 305 216 si
322 176 477 215 comitia
494 190 562 216 sua
579 188 656 215 non
675 176 823 223 fierent,
838 176 937 214 Urbi
950 176 1101 214 minari.
1134 176 1231 215 Pro-

109 231 234 284 posita
252 230 470 269 Marcellini
500 230 688 268 sententia
710 231 847 281 (quam
866 229 931 267 ille
949 229 997 267 de
1016 230 1154 280 scripto
1174 230 1230 268 ita

110 285 272 329 dixerat,
301 291 346 322 ut
374 291 493 322 totam
523 292 689 322 nostram
722 295 876 321 causam
901 296 1011 330 areae,
1036 283 1229 322 incendio·

110 352 214 386 rum,
252 337 413 389 periculi
443 338 534 385 mei,
563 337 707 387 judicio
744 337 1071 397 complecteretur,
1110 350 1229 388 eaque

109 391 240 430 omnia
257 391 418 430 comitiis
436 389 673 440 anteferret),
693 390 925 442 proscripsit,
947 403 987 428 se
1012 403 1079 441 per
1097 403 1230 430 omnes·

109 445 190 484 dies
215 445 422 484 comitiales
444 445 491 483 de
516 445 608 483 coelo
636 452 886 482 servaturum.
916 444 1126 482 Conciones
1148 452 1230 482 tur-

108 499 277 538 bulentae
292 498 458 545 Metelli,
478 499 688 536 temerariae
710 497 847 549 Appii,
868 497 1128 536 furiosissimae
1148 498 1227 536 Pu-

109 553 189 590 blii.
220 553 318 591 Haec
347 559 475 590 tamen
509 565 685 590 summa:
716 552 790 590 nisi
827 551 929 589 Milo
958 551 998 589 in
1029 552 1224 602 Campum

107 607 383 653 obnuntiasset,
403 605 556 644 comitia
573 606 716 643 futura.

162 663 271 698 Ante
288 660 391 698 diem
424 659 512 697 XII
545 659 628 698 Cal.
647 659 830 697 Decemb.
852 659 954 696 Milo
971 659 1099 697 media
1117 668 1226 698 nocte

108 726 198 752 cum
217 714 360 765 magna
378 725 496 751 manu
515 713 555 751 in
576 713 771 764 Campum
790 713 904 751 venit.
934 713 1108 760 Clodius,
1136 726 1225 751 cum

107 767 263 806 haberet
298 767 547 818 fugitivorum
590 766 751 805 delectas
780 767 919 818 copias,
958 766 998 804 in
1032 766 1226 817 Campum

106 820 162 859 ire
192 833 268 859 non
301 828 356 859 est
389 834 515 859 ausus.
556 820 659 858 Milo
688 820 898 872 permansit
928 819 977 857 ad
1009 820 1223 868 meridiem,

107 874 269 913 mirifica
286 874 486 912 hominum
507 874 655 920 laetitia,
679 874 833 911 summa
850 886 939 911 cum
957 874 1091 924 gloria.
1121 874 1225 912 Con-

107 929 226 966 tentio
254 927 417 966 fratrum
443 928 562 966 trium
590 927 727 978 turpis,
758 927 877 965 fracta
909 927 979 975 vis,
1009 935 1222 966 contemtus

106 981 223 1021 furor.
253 982 438 1020 Metellus
466 990 595 1020 tamen
619 981 801 1032 postulat,
828 989 872 1018 ut
894 981 966 1019 sibi
988 989 1138 1031 postero
1160 981 1222 1019 die

103 1035 144 1073 in
172 1035 254 1074 foro
281 1036 552 1074 obnuntietur:
584 1035 681 1072 nihil
710 1047 803 1082 esse,
834 1034 937 1086 quod
959 1035 999 1072 in
1026 1034 1221 1086 Campum

102 1097 211 1128 nocte
228 1090 418 1128 veniretur
434 1103 444 1126 ε
476 1102 515 1126 se
532 1088 628 1126 hora
644 1088 771 1139 prima
788 1088 828 1126 in
848 1088 1000 1126 comitio
1019 1088 1110 1126 fore.

156 1143 309 1194 Imque,
328 1142 538 1181 antediem
560 1142 625 1180 XI
647 1141 730 1180 Cal.
759 1142 799 1179 in
824 1142 1022 1180 comitium
1049 1142 1151 1180 Milo
1170 1142 1219 1182 de

99 1204 208 1235 nocte
236 1197 352 1235 venit.
408 1196 592 1234 Metellus
624 1208 714 1233 cum
743 1194 869 1246 prima
896 1196 981 1233 luce
1009 1196 1143 1233 furtim
1177 1197 1216 1234 in

99 1250 294 1302 Campum
318 1250 517 1288 itineribus
545 1262 663 1301 prope
677 1249 800 1288 deviis
817 1251 1018 1287 currebat:
1049 1251 1218 1301 assequi-

99 1312 163 1342 tur
189 1304 289 1342 inter
317 1304 424 1342 lucos
447 1304 642 1342 hominem
669 1303 799 1348 Milo;
829 1303 1042 1341 obnuntiat.
1073 1304 1147 1341 Ille
1175 1318 1215 1342 se

99 1358 253 1410 recepit,
283 1370 425 1409 magno
457 1364 494 1396 et
523 1357 626 1408 turpi
656 1356 708 1404 Q.
741 1356 868 1395 Flacci
897 1357 1076 1395 convicio.
1103 1358 1214 1396 Ante

97 1411 200 1450 diem
218 1411 261 1450 X
281 1411 364 1450 cal.
385 1411 591 1461 nundinae:
622 1410 751 1449 concio
769 1410 886 1449 biduo
904 1410 1024 1448 nulla.

150 1465 258 1504 Ante
281 1465 382 1504 diem
410 1465 521 1503 VIII
558 1463 643 1503 Cal.
669 1465 750 1502 haec
772 1477 842 1515 ego
864 1464 1088 1511 scribebam,
1118 1464 1214 1503 hora

96 1519 216 1558 noctis
233 1517 344 1558 nonii.
374 1519 476 1557 Milo
496 1517 692 1569 Campum
706 1519 789 1568 jam
809 1519 972 1556 tenebat.
1002 1518 1213 1557 Marcellus

97 1572 322 1611 candidatus
351 1573 406 1610 ita
437 1574 628 1620 stertebat,
659 1579 703 1610 ut
739 1585 809 1623 ego
841 1571 987 1609 vicinus
1019 1571 1206 1610 audirem.

100 1625 229 1666 Clodii
253 1626 486 1665 vestibulum
511 1638 676 1664 vacuum
699 1638 788 1664 sane
810 1624 907 1663 mihi
932 1625 1208 1664 nuntiabatur.
1197 1640 1208 1649 ·

95 1680 210 1733 pauci
227 1680 402 1732 pannosi,
421 1679 503 1718 sine
520 1679 678 1718 laterna.

149 1733 245 1772 Meo
274 1733 429 1772 consilio
450 1733 580 1772 omnia
602 1733 661 1770 illi
688 1732 767 1771 fieri
791 1733 1061 1784 querebantur,
1085 1733 1211 1784 ignari

95 1795 286 1840 quantum
310 1787 351 1825 in
372 1788 439 1826 illo
460 1787 575 1826 heroe·
596 1794 695 1825 esset
719 1786 852 1834 animi,
883 1794 1071 1837 quantum
1093 1786 1209 1825 etiam

96 1841 255 1880 oomilii.
284 1841 467 1880 Miranda
494 1841 614 1880 virtus
640 1848 708 1879 est.
737 1840 852 1878 Nova
878 1839 1055 1891 quaedam
1080 1839 1210 1879 divina

95 1894 208 1934 mitto
223 1909 235 1933 :
265 1895 330 1933 sed
348 1895 430 1934 haec
453 1907 607 1933 summa
625 1902 703 1932 est:
734 1892 887 1932 comitia
904 1893 984 1931 fore
1011 1904 1088 1931 non
1107 1894 1211 1932 arbi-

95 1957 185 1987 tror.
215 1949 344 1988 Reum
376 1948 576 2009 Publium,
602 1947 675 1985 nisi
703 1954 792 1985 ante
816 1947 958 1985 occisus
984 1947 1068 1994 erit,
1087 1946 1167 1986 fore
1185 1961 1209 1986 a

96 2001 249 2041 Milone
265 2010 387 2054 puto.
418 2002 452 2041 si
472 2015 511 2040 se
528 2001 627 2039 inter
644 2001 745 2039 viam
764 2000 956 2048 obtulerit,
976 2000 1141 2039 occisum
1159 2002 1208 2040 iri

95 2055 174 2094 ab
163 2068 246 2108 ipso
275 2057 426 2096 Milone
455 2055 577 2094 video.
604 2055 696 2093 Non
713 2053 864 2092 dubitat
887 2053 1036 2100 facere,
1065 2067 1145 2106 prae
1167 2068 1208 2094 se

94 2108 196 2157 fert,
225 2122 356 2150 casum
387 2110 500 2149 illum
529 2115 704 2148 nostrum
734 2120 812 2147 non
841 2107 1075 2148 extimescit.
1105 2121 1206 2148 nun—
