<?xml version="1.0" encoding="UTF-8"?>
<!DOCTYPE html PUBLIC "-//W3C//DTD XHTML 1.0 Transitional//EN"
    "http://www.w3.org/TR/xhtml1/DTD/xhtml1-transitional.dtd">
<html xmlns="http://www.w3.org/1999/xhtml" xml:lang="en" lang="en">
 <head>
  <title>
</title>
<meta http-equiv="Content-Type" content="text/html;charset=utf-8" />
  <meta name='ocr-system' content='tesseract 3.04.00' />
  <meta name='ocr-capabilities' content='ocr_page ocr_carea ocr_par ocr_line ocrx_word'/>
</head>
<body>
  <div class='ocr_page' id='page_1' title='image "./operaern10ciceuoft_0087.png"; bbox 0 0 1513 2382; ppageno 0'>
   <div class='ocr_carea' id='block_1_1' title="bbox 169 80 1239 354">
    <p class='ocr_par' dir='ltr' id='par_1_1' title="bbox 169 80 1237 354">
     <span class='ocr_line' id='line_1_1' title="bbox 294 80 1237 127; baseline -0.004 -2"><span class='ocrx_word' id='word_1_1' title='bbox 294 87 378 125; x_wconf 91' lang='lat' dir='ltr'>AD</span> <span class='ocrx_word' id='word_1_2' title='bbox 408 83 710 125; x_wconf 85' lang='lat' dir='ltr'><strong>DIVERSOS.</strong></span> <span class='ocrx_word' id='word_1_3' title='bbox 738 83 837 122; x_wconf 67' lang='lat'>1:11³.</span> <span class='ocrx_word' id='word_1_4' title='bbox 868 80 987 122; x_wconf 86' lang='lat' dir='ltr'>XIV.</span> <span class='ocrx_word' id='word_1_5' title='bbox 1018 85 1055 121; x_wconf 89' lang='grc'>8.</span> <span class='ocrx_word' id='word_1_6' title='bbox 1183 83 1237 127; x_wconf 85' lang='grc'>73</span> 
     </span>
     <span class='ocr_line' id='line_1_2' title="bbox 169 189 1191 248; baseline -0.004 -15"><span class='ocrx_word' id='word_1_7' title='bbox 169 193 263 248; x_wconf 86' lang='lat'><strong>(7.)</strong></span> <span class='ocrx_word' id='word_1_8' title='bbox 292 193 355 232; x_wconf 89' lang='lat' dir='ltr'>M.</span> <span class='ocrx_word' id='word_1_9' title='bbox 368 193 423 231; x_wconf 89' lang='grc' dir='ltr'>Τ.</span> <span class='ocrx_word' id='word_1_10' title='bbox 439 193 486 232; x_wconf 91' lang='lat' dir='ltr'>C.</span> <span class='ocrx_word' id='word_1_11' title='bbox 517 191 836 231; x_wconf 84' lang='lat' dir='ltr'><strong>TERENTIAE</strong></span> <span class='ocrx_word' id='word_1_12' title='bbox 867 190 987 229; x_wconf 82' lang='lat' dir='ltr'>SUAE</span> <span class='ocrx_word' id='word_1_13' title='bbox 1019 191 1058 229; x_wconf 88' lang='lat' dir='ltr'>S.</span> <span class='ocrx_word' id='word_1_14' title='bbox 1075 191 1120 228; x_wconf 91' lang='lat' dir='ltr'>P.</span> <span class='ocrx_word' id='word_1_15' title='bbox 1137 189 1191 229; x_wconf 90' lang='lat' dir='ltr'>D.</span> 
     </span>
     <span class='ocr_line' id='line_1_3' title="bbox 176 298 1239 354; baseline -0.003 -14"><span class='ocrx_word' id='word_1_16' title='bbox 176 302 500 354; x_wconf 66' lang='lat' dir='ltr'>(Argumentum</span> <span class='ocrx_word' id='word_1_17' title='bbox 512 325 567 331; x_wconf 92' lang='lat'><strong>—</strong></span> <span class='ocrx_word' id='word_1_18' title='bbox 576 298 879 338; x_wconf 83' lang='lat' dir='ltr'>Sollicitudinem</span> <span class='ocrx_word' id='word_1_19' title='bbox 893 298 1108 349; x_wconf 84' lang='lat' dir='ltr'>deposuisse</span> <span class='ocrx_word' id='word_1_20' title='bbox 1121 298 1239 351; x_wconf 85' lang='lat' dir='ltr'>signi-</span> 
     </span>
    </p>
   </div>
   <div class='ocr_carea' id='block_1_2' title="bbox 120 352 1243 456">
    <p class='ocr_par' dir='ltr' id='par_1_2' title="bbox 120 352 1243 456">
     <span class='ocr_line' id='line_1_4' title="bbox 121 352 1243 404; baseline -0.004 -10"><span class='ocrx_word' id='word_1_21' title='bbox 121 355 222 404; x_wconf 87' lang='lat' dir='ltr'>ficat,</span> <span class='ocrx_word' id='word_1_22' title='bbox 243 368 332 394; x_wconf 92' lang='lat' dir='ltr'>cum</span> <span class='ocrx_word' id='word_1_23' title='bbox 351 368 464 393; x_wconf 89' lang='lat' dir='ltr'>causa</span> <span class='ocrx_word' id='word_1_24' title='bbox 489 354 582 402; x_wconf 85' lang='lat' dir='ltr'>ejus.</span> <span class='ocrx_word' id='word_1_25' title='bbox 623 354 661 391; x_wconf 75' lang='lat' dir='ltr'><strong>L</strong></span> <span class='ocrx_word' id='word_1_26' title='bbox 665 361 680 390; x_wconf 89' lang='lat' dir='ltr'>t</span> <span class='ocrx_word' id='word_1_27' title='bbox 697 352 785 390; x_wconf 89' lang='lat' dir='ltr'>forti</span> <span class='ocrx_word' id='word_1_28' title='bbox 803 352 932 390; x_wconf 85' lang='lat' dir='ltr'>animo</span> <span class='ocrx_word' id='word_1_29' title='bbox 951 352 1013 400; x_wconf 86' lang='lat' dir='ltr'>sit,</span> <span class='ocrx_word' id='word_1_30' title='bbox 1038 360 1074 390; x_wconf 88' lang='lat' dir='ltr'>et</span> <span class='ocrx_word' id='word_1_31' title='bbox 1092 353 1243 390; x_wconf 44' lang='lat' dir='ltr'>valeta*</span> 
     </span>
     <span class='ocr_line' id='line_1_5' title="bbox 120 408 612 456; baseline -0.006 -10"><span class='ocrx_word' id='word_1_32' title='bbox 120 408 252 447; x_wconf 88' lang='lat' dir='ltr'>dinem</span> <span class='ocrx_word' id='word_1_33' title='bbox 269 416 387 456; x_wconf 90' lang='lat' dir='ltr'>curet,</span> <span class='ocrx_word' id='word_1_34' title='bbox 406 408 589 445; x_wconf 86' lang='lat' dir='ltr'>hortatur.</span> <span class='ocrx_word' id='word_1_35' title='bbox 598 417 612 454; x_wconf 88' lang='lat'><em>)</em></span> 
     </span>
    </p>
   </div>
   <div class='ocr_carea' id='block_1_3' title="bbox 630 481 737 490">
    <p class='ocr_par' dir='ltr' id='par_1_3' title="bbox 630 481 737 490">
     <span class='ocr_line' id='line_1_6' title="bbox 630 481 737 490; baseline 0 1892"><span class='ocrx_word' id='word_1_36' title='bbox 630 481 737 490; x_wconf 95' lang='lat' dir='ltr'> </span> 
     </span>
    </p>
   </div>
   <div class='ocr_carea' id='block_1_4' title="bbox 119 513 1236 1800">
    <p class='ocr_par' dir='ltr' id='par_1_4' title="bbox 119 513 1236 996">
     <span class='ocr_line' id='line_1_7' title="bbox 174 513 1235 566; baseline -0.004 -11"><span class='ocrx_word' id='word_1_37' title='bbox 174 515 324 555; x_wconf 88' lang='lat' dir='ltr'><strong>Omnes</strong></span> <span class='ocrx_word' id='word_1_38' title='bbox 342 514 534 554; x_wconf 86' lang='lat' dir='ltr'>molestias</span> <span class='ocrx_word' id='word_1_39' title='bbox 549 522 584 552; x_wconf 89' lang='lat' dir='ltr'>et</span> <span class='ocrx_word' id='word_1_40' title='bbox 598 514 880 562; x_wconf 83' lang='lat' dir='ltr'><strong>sollicitudines,</strong></span> <span class='ocrx_word' id='word_1_41' title='bbox 894 514 1033 566; x_wconf 91' lang='lat' dir='ltr'>quibus</span> <span class='ocrx_word' id='word_1_42' title='bbox 1051 521 1088 552; x_wconf 88' lang='lat' dir='ltr'>et</span> <span class='ocrx_word' id='word_1_43' title='bbox 1106 522 1144 552; x_wconf 89' lang='lat' dir='ltr'>te</span> <span class='ocrx_word' id='word_1_44' title='bbox 1161 513 1235 551; x_wconf 89' lang='lat' dir='ltr'>mi-</span> 
     </span>
     <span class='ocr_line' id='line_1_8' title="bbox 122 567 1234 620; baseline -0.002 -13"><span class='ocrx_word' id='word_1_45' title='bbox 122 570 319 608; x_wconf 86' lang='lat' dir='ltr'>serrimam</span> <span class='ocrx_word' id='word_1_46' title='bbox 335 569 455 608; x_wconf 91' lang='lat' dir='ltr'>habui</span> <span class='ocrx_word' id='word_1_47' title='bbox 483 568 554 620; x_wconf 87' lang='lat' dir='ltr'>(id,</span> <span class='ocrx_word' id='word_1_48' title='bbox 575 568 678 619; x_wconf 90' lang='lat' dir='ltr'>quod</span> <span class='ocrx_word' id='word_1_49' title='bbox 696 567 794 605; x_wconf 87' lang='lat' dir='ltr'>mihi</span> <span class='ocrx_word' id='word_1_50' title='bbox 811 568 1122 606; x_wconf 90' lang='lat' dir='ltr'>molestissimum</span> <span class='ocrx_word' id='word_1_51' title='bbox 1147 575 1234 616; x_wconf 83' lang='lat' dir='ltr'>est),</span> 
     </span>
     <span class='ocr_line' id='line_1_9' title="bbox 121 620 1236 674; baseline -0.004 -12"><span class='ocrx_word' id='word_1_52' title='bbox 121 623 425 674; x_wconf 70' lang='lat' dir='ltr'>Tulliolamque,</span> <span class='ocrx_word' id='word_1_53' title='bbox 445 635 532 673; x_wconf 84' lang='lat' dir='ltr'>quae</span> <span class='ocrx_word' id='word_1_54' title='bbox 550 622 658 660; x_wconf 89' lang='lat' dir='ltr'>nobis</span> <span class='ocrx_word' id='word_1_55' title='bbox 677 622 805 659; x_wconf 62' lang='lat' dir='ltr'>nostra</span> <span class='ocrx_word' id='word_1_56' title='bbox 823 620 900 659; x_wconf 67' lang='lat' dir='ltr'>vita</span> <span class='ocrx_word' id='word_1_57' title='bbox 918 622 1062 660; x_wconf 90' lang='lat' dir='ltr'>dulcior</span> <span class='ocrx_word' id='word_1_58' title='bbox 1082 629 1150 669; x_wconf 90' lang='lat' dir='ltr'>est,</span> <span class='ocrx_word' id='word_1_59' title='bbox 1171 621 1236 659; x_wconf 88' lang='lat' dir='ltr'>de-</span> 
     </span>
     <span class='ocr_line' id='line_1_10' title="bbox 119 675 1236 728; baseline -0.002 -13"><span class='ocrx_word' id='word_1_60' title='bbox 119 677 233 728; x_wconf 89' lang='lat' dir='ltr'>posui</span> <span class='ocrx_word' id='word_1_61' title='bbox 261 684 298 715; x_wconf 87' lang='lat' dir='ltr'>et</span> <span class='ocrx_word' id='word_1_62' title='bbox 320 677 423 726; x_wconf 79' lang='lat' dir='ltr'>ejeci.</span> <span class='ocrx_word' id='word_1_63' title='bbox 454 675 563 723; x_wconf 85' lang='lat' dir='ltr'>Quid</span> <span class='ocrx_word' id='word_1_64' title='bbox 591 688 712 713; x_wconf 89' lang='lat' dir='ltr'>causae</span> <span class='ocrx_word' id='word_1_65' title='bbox 742 682 870 712; x_wconf 83' lang='lat' dir='ltr'>autem</span> <span class='ocrx_word' id='word_1_66' title='bbox 899 675 1026 722; x_wconf 83' lang='lat' dir='ltr'>fuerit,</span> <span class='ocrx_word' id='word_1_67' title='bbox 1056 675 1236 726; x_wconf 80' lang='lat' dir='ltr'>postridie</span> 
     </span>
     <span class='ocr_line' id='line_1_11' title="bbox 120 728 1235 781; baseline -0.002 -13"><span class='ocrx_word' id='word_1_68' title='bbox 120 730 306 779; x_wconf 78' lang='lat' dir='ltr'>intellexi,</span> <span class='ocrx_word' id='word_1_69' title='bbox 323 743 441 781; x_wconf 89' lang='lat' dir='ltr'>quam</span> <span class='ocrx_word' id='word_1_70' title='bbox 459 743 482 767; x_wconf 88' lang='lat' dir='ltr'>a</span> <span class='ocrx_word' id='word_1_71' title='bbox 501 728 606 767; x_wconf 77' lang='lat' dir='ltr'>vobis</span> <span class='ocrx_word' id='word_1_72' title='bbox 621 728 782 766; x_wconf 83' lang='lat' dir='ltr'>discessi.</span> <span class='ocrx_word' id='word_1_73' title='bbox 811 737 928 770; x_wconf 63' lang='grc' dir='ltr'>Χοληυ</span> <span class='ocrx_word' id='word_1_74' title='bbox 949 744 1102 777; x_wconf 57' lang='lat' dir='ltr'>angara-2</span> <span class='ocrx_word' id='word_1_75' title='bbox 1121 736 1235 766; x_wconf 88' lang='lat' dir='ltr'>noctu</span> 
     </span>
     <span class='ocr_line' id='line_1_12' title="bbox 123 782 1235 833; baseline -0.002 -11"><span class='ocrx_word' id='word_1_76' title='bbox 123 784 241 833; x_wconf 85' lang='lat' dir='ltr'>ejeci:</span> <span class='ocrx_word' id='word_1_77' title='bbox 273 784 402 822; x_wconf 81' lang='lat' dir='ltr'>statim</span> <span class='ocrx_word' id='word_1_78' title='bbox 420 783 474 820; x_wconf 83' lang='lat' dir='ltr'>ita</span> <span class='ocrx_word' id='word_1_79' title='bbox 503 795 589 820; x_wconf 83' lang='lat' dir='ltr'>sum</span> <span class='ocrx_word' id='word_1_80' title='bbox 607 782 766 829; x_wconf 81' lang='lat' dir='ltr'>levatus,</span> <span class='ocrx_word' id='word_1_81' title='bbox 795 790 840 819; x_wconf 78' lang='lat' dir='ltr'>ut</span> <span class='ocrx_word' id='word_1_82' title='bbox 857 782 954 819; x_wconf 80' lang='lat' dir='ltr'>mihi</span> <span class='ocrx_word' id='word_1_83' title='bbox 972 783 1079 820; x_wconf 91' lang='lat' dir='ltr'>Deus</span> <span class='ocrx_word' id='word_1_84' title='bbox 1097 782 1235 831; x_wconf 79' lang='lat' dir='ltr'>aliquis</span> 
     </span>
     <span class='ocr_line' id='line_1_13' title="bbox 122 835 1235 886; baseline -0.001 -11"><span class='ocrx_word' id='word_1_85' title='bbox 122 837 351 876; x_wconf 84' lang='lat' dir='ltr'>medicinam</span> <span class='ocrx_word' id='word_1_86' title='bbox 381 837 511 874; x_wconf 81' lang='lat' dir='ltr'>fecisse</span> <span class='ocrx_word' id='word_1_87' title='bbox 539 835 722 873; x_wconf 79' lang='lat' dir='ltr'>videatur.</span> <span class='ocrx_word' id='word_1_88' title='bbox 764 835 840 873; x_wconf 89' lang='lat' dir='ltr'>Cui</span> <span class='ocrx_word' id='word_1_89' title='bbox 875 835 1029 886; x_wconf 89' lang='lat' dir='ltr'>quidem</span> <span class='ocrx_word' id='word_1_90' title='bbox 1066 842 1108 873; x_wconf 85' lang='lat' dir='ltr'>tu</span> <span class='ocrx_word' id='word_1_91' title='bbox 1145 835 1235 874; x_wconf 87' lang='lat' dir='ltr'>Deo</span> 
     </span>
     <span class='ocr_line' id='line_1_14' title="bbox 121 889 1233 942; baseline -0.002 -13"><span class='ocrx_word' id='word_1_92' title='bbox 121 890 465 942; x_wconf 88' lang='lat' dir='ltr'>(quemadmodum</span> <span class='ocrx_word' id='word_1_93' title='bbox 485 890 596 935; x_wconf 86' lang='lat' dir='ltr'>soles)</span> <span class='ocrx_word' id='word_1_94' title='bbox 615 889 678 941; x_wconf 92' lang='lat' dir='ltr'>pie</span> <span class='ocrx_word' id='word_1_95' title='bbox 697 896 732 927; x_wconf 92' lang='lat' dir='ltr'>et</span> <span class='ocrx_word' id='word_1_96' title='bbox 753 896 850 927; x_wconf 83' lang='lat' dir='ltr'>caste</span> <span class='ocrx_word' id='word_1_97' title='bbox 866 889 1082 937; x_wconf 82' lang='lat' dir='ltr'>satisfacias,</span> <span class='ocrx_word' id='word_1_98' title='bbox 1102 889 1143 927; x_wconf 89' lang='lat' dir='ltr'>id</span> <span class='ocrx_word' id='word_1_99' title='bbox 1162 897 1233 938; x_wconf 84' lang='lat' dir='ltr'>est,</span> 
     </span>
     <span class='ocr_line' id='line_1_15' title="bbox 119 943 604 996; baseline -0.006 -14"><span class='ocrx_word' id='word_1_100' title='bbox 119 945 297 996; x_wconf 79' lang='lat' dir='ltr'>Apollini</span> <span class='ocrx_word' id='word_1_101' title='bbox 316 951 352 982; x_wconf 91' lang='lat' dir='ltr'>et</span> <span class='ocrx_word' id='word_1_102' title='bbox 371 943 604 994; x_wconf 84' lang='lat' dir='ltr'>AEsculapio.</span> 
     </span>
    </p>

    <p class='ocr_par' dir='ltr' id='par_1_5' title="bbox 119 996 1234 1476">
     <span class='ocr_line' id='line_1_16' title="bbox 173 996 1232 1048; baseline -0.001 -12"><span class='ocrx_word' id='word_1_103' title='bbox 173 998 215 1036; x_wconf 84' lang='lat' dir='ltr'>N</span> <span class='ocrx_word' id='word_1_104' title='bbox 217 1011 325 1036; x_wconf 67' lang='lat' dir='ltr'>avem</span> <span class='ocrx_word' id='word_1_105' title='bbox 354 1009 463 1048; x_wconf 88' lang='lat' dir='ltr'>spero</span> <span class='ocrx_word' id='word_1_106' title='bbox 494 1009 562 1034; x_wconf 91' lang='lat' dir='ltr'>nos</span> <span class='ocrx_word' id='word_1_107' title='bbox 581 996 689 1034; x_wconf 82' lang='lat' dir='ltr'>valde</span> <span class='ocrx_word' id='word_1_108' title='bbox 716 998 856 1034; x_wconf 88' lang='lat' dir='ltr'>bonam</span> <span class='ocrx_word' id='word_1_109' title='bbox 881 997 1042 1035; x_wconf 89' lang='lat' dir='ltr'>habere:</span> <span class='ocrx_word' id='word_1_110' title='bbox 1073 997 1113 1034; x_wconf 77' lang='lat' dir='ltr'>in</span> <span class='ocrx_word' id='word_1_111' title='bbox 1147 1010 1232 1036; x_wconf 89' lang='lat' dir='ltr'>eam</span> 
     </span>
     <span class='ocr_line' id='line_1_17' title="bbox 121 1050 1234 1102; baseline -0.002 -12"><span class='ocrx_word' id='word_1_112' title='bbox 121 1052 239 1090; x_wconf 83' lang='lat' dir='ltr'>simul</span> <span class='ocrx_word' id='word_1_113' title='bbox 263 1059 378 1102; x_wconf 88' lang='lat' dir='ltr'>atque</span> <span class='ocrx_word' id='word_1_114' title='bbox 397 1050 609 1097; x_wconf 79' lang='lat' dir='ltr'>conscendi,</span> <span class='ocrx_word' id='word_1_115' title='bbox 629 1050 709 1087; x_wconf 87' lang='lat' dir='ltr'>haec</span> <span class='ocrx_word' id='word_1_116' title='bbox 729 1050 869 1100; x_wconf 88' lang='lat' dir='ltr'>scripsi.</span> <span class='ocrx_word' id='word_1_117' title='bbox 900 1050 1054 1088; x_wconf 87' lang='lat' dir='ltr'>Deinde</span> <span class='ocrx_word' id='word_1_118' title='bbox 1071 1051 1234 1088; x_wconf 86' lang='lat' dir='ltr'>conscri-</span> 
     </span>
     <span class='ocr_line' id='line_1_18' title="bbox 121 1103 1233 1155; baseline -0.002 -11"><span class='ocrx_word' id='word_1_119' title='bbox 121 1108 209 1144; x_wconf 89' lang='lat' dir='ltr'>bam</span> <span class='ocrx_word' id='word_1_120' title='bbox 230 1105 278 1142; x_wconf 86' lang='lat' dir='ltr'>ad</span> <span class='ocrx_word' id='word_1_121' title='bbox 296 1112 440 1142; x_wconf 89' lang='lat' dir='ltr'>nostros</span> <span class='ocrx_word' id='word_1_122' title='bbox 458 1104 661 1141; x_wconf 85' lang='lat' dir='ltr'>familiares</span> <span class='ocrx_word' id='word_1_123' title='bbox 675 1104 816 1141; x_wconf 85' lang='lat' dir='ltr'>multas</span> <span class='ocrx_word' id='word_1_124' title='bbox 836 1103 1024 1154; x_wconf 77' lang='lat' dir='ltr'>epistolas,</span> <span class='ocrx_word' id='word_1_125' title='bbox 1042 1104 1181 1155; x_wconf 91' lang='lat' dir='ltr'>quibus</span> <span class='ocrx_word' id='word_1_126' title='bbox 1196 1112 1233 1143; x_wconf 86' lang='lat' dir='ltr'>te</span> 
     </span>
     <span class='ocr_line' id='line_1_19' title="bbox 120 1156 1232 1207; baseline -0.003 -9"><span class='ocrx_word' id='word_1_127' title='bbox 120 1166 158 1198; x_wconf 87' lang='lat' dir='ltr'>et</span> <span class='ocrx_word' id='word_1_128' title='bbox 186 1158 399 1196; x_wconf 84' lang='lat' dir='ltr'>Tulliolam</span> <span class='ocrx_word' id='word_1_129' title='bbox 430 1165 598 1195; x_wconf 83' lang='lat' dir='ltr'>nostram</span> <span class='ocrx_word' id='word_1_130' title='bbox 630 1156 916 1207; x_wconf 83' lang='lat' dir='ltr'>diligentissime</span> <span class='ocrx_word' id='word_1_131' title='bbox 946 1157 1232 1196; x_wconf 82' lang='lat' dir='ltr'>commendabo.</span> 
     </span>
     <span class='ocr_line' id='line_1_20' title="bbox 121 1210 1233 1261; baseline -0.001 -10"><span class='ocrx_word' id='word_1_132' title='bbox 121 1213 345 1252; x_wconf 80' lang='lat' dir='ltr'>cohortarer</span> <span class='ocrx_word' id='word_1_133' title='bbox 363 1223 443 1259; x_wconf 85' lang='lat' dir='ltr'>VOS,</span> <span class='ocrx_word' id='word_1_134' title='bbox 469 1224 546 1261; x_wconf 88' lang='lat' dir='ltr'>quo</span> <span class='ocrx_word' id='word_1_135' title='bbox 572 1210 699 1248; x_wconf 87' lang='lat' dir='ltr'>animo</span> <span class='ocrx_word' id='word_1_136' title='bbox 728 1210 879 1248; x_wconf 86' lang='lat' dir='ltr'>fortiore</span> <span class='ocrx_word' id='word_1_137' title='bbox 907 1211 1046 1256; x_wconf 83' lang='lat' dir='ltr'>essetis,</span> <span class='ocrx_word' id='word_1_138' title='bbox 1076 1210 1148 1248; x_wconf 91' lang='lat' dir='ltr'>nisi</span> <span class='ocrx_word' id='word_1_139' title='bbox 1166 1225 1233 1250; x_wconf 82' lang='lat' dir='ltr'>vos</span> 
     </span>
     <span class='ocr_line' id='line_1_21' title="bbox 119 1264 1234 1315; baseline 0 -11"><span class='ocrx_word' id='word_1_140' title='bbox 119 1266 291 1304; x_wconf 86' lang='lat' dir='ltr'>fortiores</span> <span class='ocrx_word' id='word_1_141' title='bbox 321 1267 556 1315; x_wconf 75' lang='lat' dir='ltr'>cognossem,</span> <span class='ocrx_word' id='word_1_142' title='bbox 588 1277 706 1315; x_wconf 87' lang='lat' dir='ltr'>quam</span> <span class='ocrx_word' id='word_1_143' title='bbox 739 1277 973 1315; x_wconf 89' lang='lat' dir='ltr'>quemquam</span> <span class='ocrx_word' id='word_1_144' title='bbox 1005 1264 1142 1302; x_wconf 83' lang='lat' dir='ltr'>virum.</span> <span class='ocrx_word' id='word_1_145' title='bbox 1177 1265 1234 1304; x_wconf 86' lang='lat' dir='ltr'>Et</span> 
     </span>
     <span class='ocr_line' id='line_1_22' title="bbox 122 1317 1234 1368; baseline -0.001 -10"><span class='ocrx_word' id='word_1_146' title='bbox 122 1327 250 1358; x_wconf 84' lang='lat' dir='ltr'>tamen</span> <span class='ocrx_word' id='word_1_147' title='bbox 269 1318 455 1367; x_wconf 91' lang='lat' dir='ltr'>ejusmodi</span> <span class='ocrx_word' id='word_1_148' title='bbox 484 1330 591 1368; x_wconf 89' lang='lat' dir='ltr'>spero</span> <span class='ocrx_word' id='word_1_149' title='bbox 609 1317 761 1368; x_wconf 77' lang='lat' dir='ltr'>negotia</span> <span class='ocrx_word' id='word_1_150' title='bbox 793 1330 884 1363; x_wconf 85' lang='lat' dir='ltr'>esse,</span> <span class='ocrx_word' id='word_1_151' title='bbox 911 1325 955 1354; x_wconf 88' lang='lat' dir='ltr'>ut</span> <span class='ocrx_word' id='word_1_152' title='bbox 984 1324 1021 1356; x_wconf 90' lang='lat' dir='ltr'>et</span> <span class='ocrx_word' id='word_1_153' title='bbox 1052 1330 1118 1356; x_wconf 84' lang='lat' dir='ltr'>vos</span> <span class='ocrx_word' id='word_1_154' title='bbox 1150 1318 1234 1357; x_wconf 86' lang='lat' dir='ltr'>istie</span> 
     </span>
     <span class='ocr_line' id='line_1_23' title="bbox 121 1345 1234 1422; baseline -0.002 -11"><span class='ocrx_word' id='word_1_155' title='bbox 121 1371 425 1412; x_wconf 88' lang='lat' dir='ltr'>commodissime</span> <span class='ocrx_word' id='word_1_156' title='bbox 442 1384 588 1422; x_wconf 87' lang='lat' dir='ltr'>sperem</span> <span class='ocrx_word' id='word_1_157' title='bbox 608 1383 700 1418; x_wconf 84' lang='lat' dir='ltr'>esse,</span> <span class='ocrx_word' id='word_1_158' title='bbox 717 1378 753 1408; x_wconf 89' lang='lat' dir='ltr'>et</span> <span class='ocrx_word' id='word_1_159' title='bbox 770 1383 833 1408; x_wconf 88' lang='lat' dir='ltr'>me</span> <span class='ocrx_word' id='word_1_160' title='bbox 851 1345 1056 1422; x_wconf 86' lang='lat' dir='ltr'>aliquando</span> <span class='ocrx_word' id='word_1_161' title='bbox 1077 1384 1165 1409; x_wconf 90' lang='lat' dir='ltr'>cum</span> <span class='ocrx_word' id='word_1_162' title='bbox 1185 1372 1234 1410; x_wconf 89' lang='lat' dir='ltr'>si-</span> 
     </span>
     <span class='ocr_line' id='line_1_24' title="bbox 122 1424 991 1476; baseline -0.005 -11"><span class='ocrx_word' id='word_1_163' title='bbox 122 1427 280 1465; x_wconf 88' lang='lat' dir='ltr'>milibus</span> <span class='ocrx_word' id='word_1_164' title='bbox 299 1425 418 1463; x_wconf 88' lang='lat' dir='ltr'>nostri</span> <span class='ocrx_word' id='word_1_165' title='bbox 435 1424 715 1476; x_wconf 87' lang='lat' dir='ltr'>rempublicam</span> <span class='ocrx_word' id='word_1_166' title='bbox 734 1424 991 1462; x_wconf 88' lang='lat' dir='ltr'>defensurum.</span> 
     </span>
    </p>

    <p class='ocr_par' dir='ltr' id='par_1_6' title="bbox 120 1477 1236 1800">
     <span class='ocr_line' id='line_1_25' title="bbox 173 1477 1231 1531; baseline 0 -13"><span class='ocrx_word' id='word_1_167' title='bbox 173 1480 254 1527; x_wconf 82' lang='lat' dir='ltr'>Tu,</span> <span class='ocrx_word' id='word_1_168' title='bbox 284 1479 469 1531; x_wconf 85' lang='lat' dir='ltr'>primum,</span> <span class='ocrx_word' id='word_1_169' title='bbox 495 1477 754 1516; x_wconf 77' lang='lat' dir='ltr'>valetudinem</span> <span class='ocrx_word' id='word_1_170' title='bbox 783 1484 904 1524; x_wconf 88' lang='lat' dir='ltr'>tuam,</span> <span class='ocrx_word' id='word_1_171' title='bbox 938 1478 1067 1526; x_wconf 81' lang='lat' dir='ltr'>velim,</span> <span class='ocrx_word' id='word_1_172' title='bbox 1098 1491 1203 1518; x_wconf 88' lang='lat' dir='ltr'>cures</span> <span class='ocrx_word' id='word_1_173' title='bbox 1220 1495 1231 1518; x_wconf 90' lang='lat'>:</span> 
     </span>
     <span class='ocr_line' id='line_1_26' title="bbox 121 1531 1234 1583; baseline 0 -11"><span class='ocrx_word' id='word_1_174' title='bbox 121 1533 270 1581; x_wconf 79' lang='lat' dir='ltr'>deinde,</span> <span class='ocrx_word' id='word_1_175' title='bbox 290 1532 360 1571; x_wconf 88' lang='lat' dir='ltr'>tibi</span> <span class='ocrx_word' id='word_1_176' title='bbox 378 1532 410 1570; x_wconf 89' lang='lat' dir='ltr'>si</span> <span class='ocrx_word' id='word_1_177' title='bbox 428 1531 628 1579; x_wconf 89' lang='lat' dir='ltr'>videbitur,</span> <span class='ocrx_word' id='word_1_178' title='bbox 649 1531 748 1569; x_wconf 90' lang='lat' dir='ltr'>villis</span> <span class='ocrx_word' id='word_1_179' title='bbox 766 1531 812 1568; x_wconf 87' lang='lat' dir='ltr'>iis</span> <span class='ocrx_word' id='word_1_180' title='bbox 837 1540 955 1577; x_wconf 85' lang='lat' dir='ltr'>utere,</span> <span class='ocrx_word' id='word_1_181' title='bbox 986 1545 1073 1583; x_wconf 87' lang='lat' dir='ltr'>quae</span> <span class='ocrx_word' id='word_1_182' title='bbox 1091 1532 1234 1583; x_wconf 88' lang='lat' dir='ltr'>longis-</span> 
     </span>
     <span class='ocr_line' id='line_1_27' title="bbox 122 1585 1233 1638; baseline -0.002 -12"><span class='ocrx_word' id='word_1_183' title='bbox 122 1588 216 1626; x_wconf 88' lang='lat' dir='ltr'>sime</span> <span class='ocrx_word' id='word_1_184' title='bbox 234 1589 396 1625; x_wconf 86' lang='lat' dir='ltr'>aberunt</span> <span class='ocrx_word' id='word_1_185' title='bbox 413 1599 436 1624; x_wconf 91' lang='lat' dir='ltr'>a</span> <span class='ocrx_word' id='word_1_186' title='bbox 452 1585 650 1623; x_wconf 87' lang='lat' dir='ltr'>militibus.</span> <span class='ocrx_word' id='word_1_187' title='bbox 681 1585 711 1622; x_wconf 91' lang='lat' dir='ltr'><strong>F</strong></span> <span class='ocrx_word' id='word_1_188' title='bbox 715 1585 818 1623; x_wconf 91' lang='lat' dir='ltr'>undo</span> <span class='ocrx_word' id='word_1_189' title='bbox 845 1585 1028 1635; x_wconf 87' lang='lat' dir='ltr'>Arpinati</span> <span class='ocrx_word' id='word_1_190' title='bbox 1049 1587 1146 1624; x_wconf 90' lang='lat' dir='ltr'>bene</span> <span class='ocrx_word' id='word_1_191' title='bbox 1163 1600 1233 1638; x_wconf 92' lang='lat' dir='ltr'>po-</span> 
     </span>
     <span class='ocr_line' id='line_1_28' title="bbox 120 1638 1236 1685; baseline -0.001 -6"><span class='ocrx_word' id='word_1_192' title='bbox 120 1641 209 1679; x_wconf 84' lang='lat' dir='ltr'>teris</span> <span class='ocrx_word' id='word_1_193' title='bbox 228 1640 287 1678; x_wconf 85' lang='lat' dir='ltr'>uti</span> <span class='ocrx_word' id='word_1_194' title='bbox 305 1652 394 1678; x_wconf 90' lang='lat' dir='ltr'>cum</span> <span class='ocrx_word' id='word_1_195' title='bbox 412 1638 559 1677; x_wconf 60' lang='lat' dir='ltr'>familia</span> <span class='ocrx_word' id='word_1_196' title='bbox 577 1638 737 1685; x_wconf 68' lang='lat' dir='ltr'>urbana,</span> <span class='ocrx_word' id='word_1_197' title='bbox 756 1638 790 1676; x_wconf 93' lang='lat' dir='ltr'>si</span> <span class='ocrx_word' id='word_1_198' title='bbox 807 1651 958 1676; x_wconf 87' lang='lat' dir='ltr'>annona</span> <span class='ocrx_word' id='word_1_199' title='bbox 972 1639 1090 1676; x_wconf 87' lang='lat' dir='ltr'>carior</span> <span class='ocrx_word' id='word_1_200' title='bbox 1107 1639 1236 1678; x_wconf 86' lang='lat' dir='ltr'>fuerit.</span> 
     </span>
     <span class='ocr_line' id='line_1_29' title="bbox 123 1692 1232 1742; baseline 0 -10"><span class='ocrx_word' id='word_1_201' title='bbox 123 1694 254 1733; x_wconf 90' lang='lat' dir='ltr'>Cicero</span> <span class='ocrx_word' id='word_1_202' title='bbox 265 1692 494 1731; x_wconf 87' lang='lat' dir='ltr'>bellissimus</span> <span class='ocrx_word' id='word_1_203' title='bbox 503 1692 574 1730; x_wconf 86' lang='lat' dir='ltr'>tibi</span> <span class='ocrx_word' id='word_1_204' title='bbox 584 1693 746 1729; x_wconf 83' lang='lat' dir='ltr'>salutem</span> <span class='ocrx_word' id='word_1_205' title='bbox 760 1692 967 1742; x_wconf 87' lang='lat' dir='ltr'>plurimam</span> <span class='ocrx_word' id='word_1_206' title='bbox 981 1692 1083 1731; x_wconf 87' lang='lat' dir='ltr'>dicit.</span> <span class='ocrx_word' id='word_1_207' title='bbox 1100 1692 1232 1732; x_wconf 79' lang='lat' dir='ltr'>Etiam</span> 
     </span>
     <span class='ocr_line' id='line_1_30' title="bbox 120 1744 881 1800; baseline -0.005 -13"><span class='ocrx_word' id='word_1_208' title='bbox 120 1756 237 1800; x_wconf 87' lang='lat' dir='ltr'>atque</span> <span class='ocrx_word' id='word_1_209' title='bbox 256 1746 369 1786; x_wconf 87' lang='lat' dir='ltr'>etiam</span> <span class='ocrx_word' id='word_1_210' title='bbox 388 1746 483 1784; x_wconf 85' lang='lat' dir='ltr'>vale.</span> <span class='ocrx_word' id='word_1_211' title='bbox 514 1745 568 1784; x_wconf 90' lang='lat' dir='ltr'>D.</span> <span class='ocrx_word' id='word_1_212' title='bbox 586 1744 653 1783; x_wconf 94' lang='lat' dir='ltr'>III</span> <span class='ocrx_word' id='word_1_213' title='bbox 673 1744 766 1784; x_wconf 88' lang='lat' dir='ltr'>Idus</span> <span class='ocrx_word' id='word_1_214' title='bbox 783 1745 881 1784; x_wconf 84' lang='lat' dir='ltr'>Jun.</span> 
     </span>
    </p>
   </div>
   <div class='ocr_carea' id='block_1_5' title="bbox 247 1903 1104 1954">
    <p class='ocr_par' dir='ltr' id='par_1_7' title="bbox 247 1903 1104 1954">
     <span class='ocr_line' id='line_1_31' title="bbox 247 1903 1104 1954; baseline -0.008 -5"><span class='ocrx_word' id='word_1_215' title='bbox 247 1907 337 1954; x_wconf 89' lang='lat'>(8.)</span> <span class='ocrx_word' id='word_1_216' title='bbox 366 1904 428 1944; x_wconf 91' lang='lat' dir='ltr'>M.</span> <span class='ocrx_word' id='word_1_217' title='bbox 445 1905 497 1944; x_wconf 90' lang='lat' dir='ltr'>T.</span> <span class='ocrx_word' id='word_1_218' title='bbox 513 1906 558 1945; x_wconf 90' lang='lat' dir='ltr'>C.</span> <span class='ocrx_word' id='word_1_219' title='bbox 587 1903 902 1945; x_wconf 87' lang='lat' dir='ltr'><strong>TERENTIAE</strong></span> <span class='ocrx_word' id='word_1_220' title='bbox 933 1904 972 1943; x_wconf 92' lang='lat' dir='ltr'>S.</span> <span class='ocrx_word' id='word_1_221' title='bbox 990 1903 1035 1942; x_wconf 90' lang='lat' dir='ltr'>P.</span> <span class='ocrx_word' id='word_1_222' title='bbox 1051 1903 1104 1942; x_wconf 90' lang='lat' dir='ltr'>D.</span> 
     </span>
    </p>
   </div>
   <div class='ocr_carea' id='block_1_6' title="bbox 120 2011 1228 2120">
    <p class='ocr_par' dir='ltr' id='par_1_8' title="bbox 120 2011 1228 2120">
     <span class='ocr_line' id='line_1_32' title="bbox 175 2011 1227 2063; baseline 0.001 -13"><span class='ocrx_word' id='word_1_223' title='bbox 175 2013 496 2063; x_wconf 74' lang='lat' dir='ltr'>(Argumntum.</span> <span class='ocrx_word' id='word_1_224' title='bbox 508 2039 562 2046; x_wconf 89' lang='lat'>—</span> <span class='ocrx_word' id='word_1_225' title='bbox 570 2013 772 2061; x_wconf 85' lang='lat' dir='ltr'>Hortatur,</span> <span class='ocrx_word' id='word_1_226' title='bbox 785 2020 830 2052; x_wconf 81' lang='lat' dir='ltr'>ut</span> <span class='ocrx_word' id='word_1_227' title='bbox 842 2011 1098 2051; x_wconf 82' lang='lat' dir='ltr'>valetudinem</span> <span class='ocrx_word' id='word_1_228' title='bbox 1109 2020 1227 2059; x_wconf 76' lang='lat' dir='ltr'>curet,</span> 
     </span>
     <span class='ocr_line' id='line_1_33' title="bbox 120 2066 1228 2120; baseline 0 -14"><span class='ocrx_word' id='word_1_229' title='bbox 120 2074 172 2116; x_wconf 87' lang='lat' dir='ltr'>et,</span> <span class='ocrx_word' id='word_1_230' title='bbox 193 2067 224 2105; x_wconf 89' lang='lat' dir='ltr'>si</span> <span class='ocrx_word' id='word_1_231' title='bbox 242 2066 336 2118; x_wconf 87' lang='lat' dir='ltr'>quid</span> <span class='ocrx_word' id='word_1_232' title='bbox 353 2067 455 2116; x_wconf 84' lang='lat' dir='ltr'>novi,</span> <span class='ocrx_word' id='word_1_233' title='bbox 480 2076 614 2120; x_wconf 86' lang='lat' dir='ltr'>pergat</span> <span class='ocrx_word' id='word_1_234' title='bbox 639 2067 809 2107; x_wconf 84' lang='lat' dir='ltr'>scribere.</span> <span class='ocrx_word' id='word_1_235' title='bbox 837 2066 944 2106; x_wconf 85' lang='lat' dir='ltr'>Ante</span> <span class='ocrx_word' id='word_1_236' title='bbox 970 2067 1228 2106; x_wconf 78' lang='lat' dir='ltr'>Pharsalicam</span> 
     </span>
    </p>
   </div>
   <div class='ocr_carea' id='block_1_7' title="bbox 117 2126 959 2226">
    <p class='ocr_par' dir='ltr' id='par_1_9' title="bbox 117 2126 959 2226">
     <span class='ocr_line' id='line_1_34' title="bbox 117 2126 322 2173; baseline -0.015 -2"><span class='ocrx_word' id='word_1_237' title='bbox 117 2126 322 2173; x_wconf 46' lang='lat' dir='ltr'>pugnam&amp;</span> 
     </span>
     <span class='ocr_line' id='line_1_35' title="bbox 175 2174 959 2226; baseline 0.001 -15"><span class='ocrx_word' id='word_1_238' title='bbox 175 2174 340 2226; x_wconf 69' lang='lat' dir='ltr'>(Epist.)</span> <span class='ocrx_word' id='word_1_239' title='bbox 362 2185 467 2214; x_wconf 81' lang='lat' dir='ltr'>vo1..</span> <span class='ocrx_word' id='word_1_240' title='bbox 488 2186 540 2213; x_wconf 85' lang='lat'>11.</span> <span class='ocrx_word' id='word_1_241' title='bbox 925 2184 959 2212; x_wconf 73' lang='lat' dir='ltr'>n</span> 
     </span>
    </p>
   </div>
  </div>
 </body>
</html>
