1513 2382
316 123 389 162 112
489 122 573 162 AD
600 122 893 165 DIVERSOS.
923 126 1021 164 Lm.
1051 125 1145 165 XV.
1175 126 1240 164 21.

308 230 356 268 tis
380 229 608 269 desiderium
636 231 774 270 crebris
805 240 842 271 ct
877 233 999 285 longis
1028 231 1194 284 epistolis
1224 231 1413 270 leniatur:

309 283 414 334 quod
425 297 494 335 ego
512 296 588 323 non
600 285 714 323 modo
732 285 779 324 de
797 299 860 324 me
873 287 942 325 tibi
947 287 1144 347 ’spondere
1160 298 1330 338 possum,
1351 285 1417 324 sed

309 337 356 375 de
378 344 415 376 te
433 338 548 376 etiam
566 339 674 377 mihi.
715 339 878 378 Nullam
897 340 1000 378 enim
1027 340 1131 391 apud
1148 353 1212 378 me
1229 338 1414 391 reliquisti

306 390 596 439 dubitationem,
617 399 805 453 quantum
833 406 896 432 me
925 406 1081 432 amares.
1122 394 1243 440 Nam,
1276 400 1321 430 111
1348 392 1416 430 1113

304 445 495 493 omittam,
525 459 611 497 quae
633 446 782 484 civitate
799 454 893 485 teste
910 447 1043 495 fecisti,
1064 459 1152 485 cum
1170 459 1334 485 mecum·
1355 445 1416 483 in-

304 498 479 537 imicitias
497 499 799 547 communicasti,
820 513 909 538 cum
927 513 990 539 me
1007 501 1249 539 concionibus
1260 499 1336 537 tuis
1349 498 1416 538 de·

305 551 471 600 fendisti,
492 565 580 591 cum
600 561 763 604 quaestor
777 554 816 591 in
835 554 922 592 mea
940 562 1055 615 atque
1071 554 1111 592 in
1130 553 1286 606 publica
1299 552 1415 591 causa

305 606 505 644 consulum
523 614 647 657 partes
665 607 873 658 suscepisti,
893 620 981 645 cum
1000 607 1153 646 tribuno
1170 607 1292 659 plebis
1310 619 1415 658 quae-

304 668 382 698 stor
395 672 471 697 non
483 659 655 721 paruisti,
671 660 732 698 cui
751 669 839 699 tuus
857 660 1067 712 praesertim
1085 661 1229 712 collega
1240 667 1412 712 pareret:

304 720 349 751 ut
372 713 453 751 haec
472 713 648 762 recentia,
669 727 755 764 quae
782 714 989 752 meminero
1008 727 1169 765 semper,
1189 713 1412 757 obliviscar,

305 780 392 818 quae
410 774 478 804 tua
505 766 717 806 sollicitudo
739 767 786 805 de
810 779 873 805 me
890 768 930 805 in
949 767 1078 815 armis,
1105 781 1192 820 quae
1217 766 1383 805 laetitia
1371 779 1414 804 111

303 820 453 858 reditu!
485 833 571 871 quae
589 833 692 869 cura,
716 821 783 872 qui
801 821 921 868 dolor,
941 834 1031 859 cum
1049 821 1098 859 ad
1116 829 1154 859 te
1172 833 1273 859 curae
1290 827 1328 858 et
1345 819 1413 858 do-

302 874 399 912 lores
424 874 501 912 mei
518 873 797 924 perferrentur!
829 874 1081 912 Brundisium
1108 874 1272 926 denique
1297 880 1336 912 te
1362 874 1411 912 ad

301 940 366 965 me
383 934 587 966 venturum
601 927 732 976 fuisse,
751 928 824 966 nisi
838 928 963 966 subito
976 928 1016 965 in
1033 928 1261 979 Hispaniam
1273 927 1411 966 missus

299 994 398 1020 33333
414 981 423 1019 !
453 981 510 1019 Ut
528 981 609 1019 haec
627 981 743 1032 igitur
762 981 951 1029 omittam,
972 994 1059 1034 quae
1076 981 1173 1019 mihi
1191 981 1286 1020 tanti
1311 981 1410 1022 aestiv

298 1035 441 1073 manda
455 1042 557 1082 sunt,
578 1035 712 1086 quanti
730 1035 848 1073 vitam
863 1035 1010 1073 aestimo
1023 1042 1061 1073 et
1074 1035 1235 1073 salutem
1254 1047 1380 1073 meam
1394 1049 1407 1081 3

296 1088 393 1127 liber
411 1089 494 1135 iste,
515 1101 631 1140 quem
645 1088 742 1126 mihi
756 1089 904 1137 misisti,
921 1095 1105 1140 quantam
1116 1089 1230 1126 habet
1243 1088 1410 1127 declara-

297 1142 439 1180 tionem
454 1141 592 1179 amoris
607 1141 664 1180 tui
679 1142 688 1179 !
710 1143 895 1193 primum,
916 1142 1019 1193 quod
1037 1141 1107 1180 tibi
1124 1142 1290 1180 facetum
1305 1142 1408 1180 vide-

297 1202 374 1244 tur,
390 1195 577 1246 quidquid
592 1207 660 1246 ego
672 1195 774 1241 dixi3
795 1195 899 1246 quod
917 1195 1001 1233 aliis
1019 1194 1174 1234 fortasse
1191 1207 1268 1233 non
1287 1195 1378 1233 item
1393 1210 1405 1234 ε

295 1249 446 1297 (13111113,
476 1248 580 1300 quod
597 1249 677 1296 illa,
699 1249 775 1287 sive
793 1249 913 1287 faceta
932 1256 1034 1296 sunt,
1055 1249 1132 1287 sive
1157 1261 1274 1297 333113,
1295 1249 1403 1296 fiant,

294 1311 469 1341 narrante
486 1313 538 1346 te,
561 1303 833 1340 venustissima.
863 1302 971 1350 Quin
990 1302 1118 1349 etiam,
1139 1310 1344 1354 antequam
1357 1303 1405 1341 ad

293 1368 357 1394 me
375 1357 560 1404 veniatur,
581 1356 677 1394 risus
692 1356 814 1394 omnis
832 1367 939 1407 paene
958 1356 1204 1394 consumitur.

348 1408 466 1456 Quod
485 1410 529 1457 si,
559 1410 598 1447 in
618 1409 678 1447 his
698 1410 916 1456 scribendis,
936 1409 1033 1447 1111111
1052 1409 1172 1456 3111111,
1192 1409 1265 1448 nisi
1285 1409 1408 1462 (quod

291 1475 440 1502 necesse
457 1461 549 1513 fuit)
580 1463 627 1501 de
644 1476 722 1501 uno
740 1476 803 1502 me
821 1463 967 1501 tamdiu
987 1463 1236 1514 cogitavisses,
1265 1463 1407 1502 ferreus

291 1530 426 1565 essem,
447 1517 478 1555 si
497 1525 534 1554 te
552 1529 629 1555 non
648 1529 829 1555 amarem.
858 1518 961 1556 Cum
988 1530 1076 1555 xero
1105 1530 1161 1565 ea,
1183 1530 1270 1568 quae
1287 1517 1405 1568 scrip-

291 1572 378 1609 tura
401 1579 616 1631 persecutus
635 1583 688 1619 es,
716 1571 796 1609 sine
824 1583 976 1609 summo
1000 1583 1129 1609 amore
1145 1570 1308 1621 cogitare
1325 1583 1403 1608 non

291 1625 483 1676 potueris;
513 1637 590 1662 non
609 1636 765 1675 possum
784 1624 1012 1671 existimare,
1028 1625 1115 1676 plus
1130 1636 1364 1676 quemquam
1380 1638 1404 1662 a

289 1692 329 1717 se
342 1679 438 1729 ipso,
455 1691 573 1729 quam
586 1690 650 1716 me
668 1691 691 1716 a
708 1686 745 1716 te
756 1678 888 1716 amari.
917 1677 992 1716 Cui
1003 1678 1156 1730 quidem
1178 1689 1247 1728 ego
1265 1677 1401 1725 amori,

290 1732 439 1770 utinam
455 1731 595 1769 eaeteris
613 1733 725 1770 rebus
742 1731 915 1782 possem!
939 1743 1066 1769 amore
1083 1737 1184 1769 certe
1201 1731 1403 1782 responde-

289 1787 367 1830 bo,
356 1799 366 1808 ·
398 1798 474 1837 quo
492 1792 620 1822 tamen
639 1785 723 1836 ipso
741 1785 811 1823 tibi
829 1784 976 1822 confido
993 1784 1168 1822 futurum
1187 1784 1288 1822 satis.

344 1839 386 1876 N
389 1851 463 1876 unc
480 1838 529 1876 ad
548 1838 744 1889 epistolam
770 1838 893 1885 venio,
912 1838 988 1885 cui,
1008 1837 1155 1888 copiose
1182 1845 1219 1875 et
1238 1837 1402 1876 suaviter

291 1892 452 1943 scriptae,
472 1891 567 1929 nihil
588 1899 642 1929 est
667 1892 770 1942 quod
794 1892 918 1929 multa
936 1891 1192 1952 respondeam.
1223 1891 1400 1930 Primum

291 1946 395 1985 enim
413 1958 482 1996 ego
509 1945 593 1983 illas
613 1945 732 1983 Calvo
758 1945 885 1983 literas
913 1944 1014 1992 misi,
1044 1956 1120 1982 non
1153 1944 1254 1994 plus,
1280 1957 1398 1995 quam

289 2000 358 2038 has
394 2012 489 2050 quas
521 2011 624 2037 nunc
655 1998 763 2049 legis,
798 1999 1018 2036 existimans
1047 1997 1225 2036 exituras.
1272 1999 1398 2037 Aliter

290 2053 393 2092 enim
415 2052 629 2099 scribimus,
650 2052 753 2103 quod
778 2065 840 2090 eos
873 2052 983 2099 solos,
1017 2051 1157 2102 quibus
1179 2051 1395 2098 mittimus3

288 2107 410 2153 aliter,
427 2105 530 2157 quod
547 2106 702 2152 multos,
721 2106 882 2144 lecturos
899 2112 1094 2156 putamus.
1122 2104 1273 2142 Deinde
1289 2105 1397 2156 inge-

286 2160 396 2198 nium
424 2160 506 2208 ejus
533 2159 753 2197 melioribus
781 2159 902 2197 extuli
927 2157 1120 2205 laudibus,
1147 2170 1266 2210 quam
1284 2166 1326 2196 tu
1354 2158 1395 2196 id

284 2226 370 2254 vere
389 2212 553 2266 potuisse
581 2212 660 2251 fieri
679 2219 801 2264 putas.
837 2211 1031 2261 Primum,
1049 2211 1153 2263 quod
1169 2211 1223 2250 ita
1245 2211 1396 2262 judica-
