1513 2382
235 91 287 129 40
400 89 482 129 AD
510 87 1083 131 DIVERSOS L113,X111.
1112 89 1177 127 45.

231 196 316 235 aris.
344 197 451 236 Eum
469 197 538 236 tibi
558 197 667 235 unice
680 195 927 241 commendo3
948 208 1069 247 eoque
1078 195 1216 246 magis,
1234 193 1339 246 quod

230 263 319 288 cum
351 251 477 302 ipsum
507 251 637 301 ἀὶ11ςο,
671 257 756 288 tum
780 249 884 301 quod
913 249 1064 300 negotia
1093 255 1270 300 procurat
1286 247 1337 288 L·

228 304 387 365 Egnatii
405 304 513 351 Rufi,
534 317 610 355 quo
635 316 704 354 ego
721 315 799 341 uno
821 302 947 354 equite
970 303 1148 340 Romano
1172 300 1338 340 familia-

228 357 375 395 rissime
399 365 498 403 utor,
530 364 567 395 et
595 357 663 408 qui
655 336 958 394 ”consuetudine
981 355 1218 407 quotidiana,
1250 360 1337 392 tum

228 411 360 449 officiis
386 411 562 461 plurimis
589 410 857 460 maximisque
888 409 985 446 mihi
1018 409 1240 458 conjunctus
1267 414 1334 445 est.

227 464 402 515 Oppium
421 464 536 514 igitur
550 471 773 514 praesentem
786 470 828 500 ut
839 462 988 513 diligas,
1001 461 1158 513 Egnatii
1172 460 1336 500 absentis

224 530 307 555 rem
325 525 367 556 ut
387 526 526 564 tueare,
548 529 654 567 aeque
669 530 691 553 a
709 524 746 553 te
763 522 865 566 peto,
885 528 928 553 ac
946 516 976 553 si
995 528 1081 554 mea
1107 515 1259 566 negotia
1275 527 1333 552 es-

225 579 319 608 sent.
353 571 497 615 Velim,
513 570 706 607 memoriae
725 577 801 606 tuae
820 582 946 616 causa,
966 568 1030 606 des
1049 569 1243 623 literarum
1262 567 1332 605 ali-

224 624 332 675 quid,
349 638 435 675 quae
459 624 529 662 tibi
546 624 587 660 in
614 622 808 673 provincia
831 622 1060 660 reddantur:
1090 622 1155 660 sed
1172 622 1226 660 ita
1243 633 1332 660 con-

223 678 375 723 scribas,
396 685 439 715 ut
457 685 554 723 tum,
576 689 662 714 cum
683 689 744 713 eas
762 675 877 726 leges,
905 675 1014 713 facile
1032 675 1215 713 recordari
1242 687 1331 726 pos-

222 731 273 768 sis
287 730 402 780 hujus
420 743 516 767 meae
535 728 870 767 commendationis
890 728 1138 779 diligentiam.
1179 728 1268 767 Hoc
1291 735 1329 766 te

223 784 463 822 vehementer
483 784 597 821 etiam
616 790 730 833 atque
749 782 864 820 etiam
880 794 984 832 rogo.
1012 782 1124 820 Vale.

446 942 560 992 (44.)
591 943 802 984 cronno
831 942 1027 984 GALLO
1055 944 1096 984 s.

272 1051 597 1101 (Argumentum.
610 1073 662 1082 --
675 1051 871 1090 Eumdem
883 1052 1060 1104 Oppium
1072 1052 1195 1092 eidem
1210 1051 1326 1091 Gallo

217 1106 470 1154 commendat,
490 1105 568 1144 una
586 1118 674 1144 cum
692 1106 851 1156 Egnatii
863 1105 1052 1158 negotiis.)

268 1212 367 1259 Etsi,
384 1226 431 1251 ex
450 1213 539 1259 tuis,
560 1220 597 1251 et
615 1226 663 1251 ex
689 1213 738 1250 L.
764 1213 899 1265 Oppii,
919 1212 1202 1252 familiarissimi
1225 1213 1318 1261 mei,

214 1265 344 1313 literis,
371 1267 543 1317 cognovi,
570 1274 608 1304 te
633 1279 841 1305 memorem
869 1266 1206 1305 commendationis
1222 1279 1320 1305 meae

211 1319 340 1367 fuisse,
361 1319 489 1370 idque,
509 1332 578 1370 pro
599 1320 667 1357 tua
686 1321 839 1358 summa
855 1333 946 1381 erga
963 1333 1025 1358 me
1042 1320 1319 1369 benevolentia,

210 1385 355 1423 proque
368 1373 496 1410 nostra
513 1373 799 1420 necessitudine,
811 1373 971 1412 minime
979 1387 1067 1412 sum
1079 1373 1316 1420 admiratus,

209 1433 338 1463 tamen
358 1426 471 1464 etiam
490 1434 604 1478 atque
616 1427 729 1465 etiam
745 1427 814 1465 tibi
825 1427 874 1465 L.
888 1427 1063 1479 Oppium
1077 1435 1316 1488 praesentem,

209 1486 247 1516 et
264 1479 313 1516 L.
332 1480 504 1530 Egnatii,
532 1480 610 1518 mei
631 1480 929 1528 familiarissimi,
958 1481 1122 1519 absentis
1149 1481 1316 1532 negotia,

208 1533 444 1572 commendo.
491 1533 620 1574 Tanta
637 1534 734 1575 mihi
758 1547 846 1578 cum
873 1547 916 1573 eo
934 1534 1167 1573 necessitudo
1185 1542 1242 1572 est
1258 1534 1316 1573 fa-

206 1582 494 1637 miliaritasque,
514 1595 572 1635 ut,
588 1587 620 1625 si
631 1599 717 1625 mea
734 1600 792 1625 res
811 1594 918 1636 esset,
939 1600 1015 1625 non
1034 1588 1157 1639 magis
1166 1588 1316 1626 labora-

205 1652 298 1676 rem.
328 1639 584 1691 Quapropter,
600 1641 860 1691 gratissimum
877 1641 975 1679 mihi
992 1641 1138 1702 feceris,
1158 1641 1190 1679 si
1204 1654 1316 1679 cura-

202 1692 269 1739 ris,
289 1700 333 1729 ut
350 1693 382 1729 is
399 1693 607 1752 intelligat,
626 1706 690 1731 me
707 1707 731 1731 a
748 1702 785 1732 te
803 1702 953 1732 tantum
971 1695 1104 1743 amari,
1124 1702 1314 1746 quantum

202 1744 282 1795 ipse
301 1745 486 1783 existimo.
530 1747 618 1784 Hoc
641 1747 738 1784 mihi
766 1748 910 1798 gratius
935 1748 1056 1786 facere
1074 1748 1171 1786 1111111
1187 1754 1308 1799 potes.

202 1798 327 1849 quue
341 1806 385 1836 ut
402 1799 531 1846 facias,
554 1800 792 1838 vehementer
810 1808 848 1839 te
864 1813 968 1851 rogo.
997 1801 1109 1840 Vale.

197 1955 308 2002 (45.)
337 1953 1301 2048 21.T.C.APUbg.113,1(I))‚PRQQUAESTORL

264 2118 280 2168 (
285 2116 589 2166 4rgumenlum.
602 2116 823 2167 -Egnatii
869 2130 1019 2156 servum
1067 2126 1105 2157 et
1147 2118 1300 2170 negotia

194 2170 376 2221 Apuleio,
396 2169 640 2220 proquaestori
659 2169 779 2218 Asiae,
801 2171 1071 2218 commendat.)
