1513 2382
340 61 424 100 AD
451 58 731 101 ATTICUM.
763 60 862 98 1113.
884 60 1006 99 VIII.
1041 61 1104 100 16.
1194 63 1273 102 395

160 168 277 219 igitur
294 169 326 207 is
343 169 461 216 ducit,
492 169 558 207 sed
587 180 710 206 sermo
737 167 955 215 hominum,
984 168 1052 220 qui
1081 169 1131 207 ad
1161 182 1224 208 me
1249 184 1273 208 a

164 222 373 261 Philotimo
391 222 578 260 scribitur.
609 222 649 259 Is
669 221 772 260 enim
789 233 853 260 me
880 223 928 260 ab
947 223 1194 273 optimatibus
1222 224 1277 262 ait

164 276 366 314 conscindi.
396 275 550 323 Quibus
568 275 830 325 optimatibus,
850 274 919 313 Dii
937 276 1058 314 boni?
1087 276 1154 327 qui
1175 289 1280 316 nunc

164 341 242 379 quo
256 329 370 367 modo
389 336 590 367 occurrunt
605 328 614 365 !
647 341 724 379 quo
742 328 857 367 modo
875 335 1003 367 autem
1023 342 1062 368 se
1080 330 1277 369 venditant

167 381 332 420 Caesari!
365 382 582 433 Municipia
610 394 697 420 vero
725 381 884 420 Deum:
913 394 983 420 nec
1015 382 1210 431 simulant,
1232 391 1277 422 ut

166 447 256 473 cum
274 436 321 474 de
338 436 406 473 illo
425 443 564 487 aegroto
583 443 670 473 vota
688 435 886 473 faciebant.
916 434 991 473 Sed
1009 435 1136 486 plane,
1164 437 1277 488 quid-

162 488 259 539 quid
286 490 380 527 mali
401 489 463 527 hic
494 489 714 527 Pisistratus
743 501 820 526 non
848 488 989 537 fecerit,
1020 496 1100 526 tam
1118 497 1274 540 gratum

166 549 236 589 est,
258 555 375 593 quam
395 543 426 580 si
444 542 564 580 alium
588 543 710 581 facere
728 541 974 593 prohibuerit.
1003 542 1122 581 Hunc
1149 544 1279 595 propi-

165 595 264 633 tium
282 603 458 647 sperant;
487 596 599 633 illum
618 596 759 633 iratum
777 602 925 646 putant.
958 594 1068 642 Quas
1089 596 1170 634 fieri
1189 609 1276 635 cen-

164 661 221 686 ses
242 664 380 690 arrovnn
388 663 463 691 σεις
481 662 529 687 ex
540 648 689 700 oppidis
704 651 720 686 ?
751 661 846 699 quos
859 648 1047 686 honores?
1068 648 1271 699 Metuunt,

165 701 327 752 inquies.
361 701 509 740 Credo:
542 703 605 740 sed
625 700 874 751 (mehercule)
891 702 1004 739 inum
1022 703 1156 752 magis.
1186 704 1278 742 Hu-

161 755 226 803 jus
240 753 416 794 insidiosa
429 756 629 794 clementia
647 755 901 793 delectantur:
922 754 1025 793 ilh‘us
1043 755 1280 796 iracundiam

165 808 383 846 formidant.

221 862 380 900 Judices
405 861 601 908 DCCCL,
622 861 689 913 qui
707 861 897 913 praecipue
918 860 1036 901 Cnaeo
1058 871 1186 903 nostro
1210 865 1278 903 de-

165 915 415 962 lectabantur,
445 929 492 954 ex
521 915 659 967 quibus
687 915 855 966 quotidie
882 915 1049 967 aliquem
1073 917 1195 967 video,
1216 931 1282 957 ne-

166 969 243 1006 scio
262 982 356 1019 quas
375 970 456 1018 ejus
475 969 654 1007 Lucerias
678 968 846 1007 horrent.
875 967 1012 1021 Itaque
1040 984 1183 1022 quaero,
1211 973 1278 1023 qui

166 1021 243 1060 sint
259 1021 322 1059 isti
340 1022 553 1073 optimates,
573 1023 641 1074 qui
658 1035 720 1060 me
739 1023 955 1070 exturbent,
976 1036 1064 1061 cum
1082 1024 1155 1076 ipsi
1173 1025 1279 1065 domi

162 1083 355 1130 ὖῖἃῃΐὲἔέῑ.
404 1076 479 1116 Sed
523 1083 666 1123 tamen,
704 1075 939 1127 quicumque
977 1085 1080 1125 sunt,
1118 1078 1278 1126 αιδεομαι

163 1150 309 1194 Τρωαςς
340 1132 422 1178 etsi,
437 1129 516 1181 qua
534 1143 599 1181 spe
613 1129 838 1179 proficiscar,
857 1129 966 1167 video
977 1143 989 1176 ;
1011 1132 1278 1183 conjungoque

166 1209 230 1236 me
244 1203 331 1232 cum
344 1184 510 1230 homine,
526 1183 648 1234 magis
668 1183 716 1221 ad
734 1183 956 1221 vastandam
972 1183 1141 1232 Italiam,
1158 1199 1277 1237 quam

166 1239 464 1290 advincendum,
476 1244 630 1287 parato:
651 1237 824 1285 demum,
845 1249 961 1289 quem
976 1246 1150 1289 exspecto
1219 1240 1274 1278 Et

172 1300 346 1355 quidem,
362 1304 444 1331 curn
456 1289 537 1328 haec
551 1290 774 1339 scribebam,
789 1291 852 1329 IV
867 1291 1014 1338 Nonas,
1026 1292 1109 1341 jam
1122 1305 1276 1344 exspec-

177 1357 308 1397 tabam
334 1343 469 1396 aliquid
493 1356 516 1381 a
543 1343 762 1382 Brundisio.
802 1343 910 1392 Quid
939 1351 1068 1382 autem
1097 1345 1244 1397 aliquid
1257 1350 1276 1387 ?
1300 1371 1305 1375 -

181 1419 301 1462 quam
317 1399 406 1439 inde
428 1396 575 1448 turpiter
593 1397 764 1447 fugisset,
792 1404 829 1435 et
846 1397 963 1435 victor
980 1398 1043 1436 hic
1067 1399 1146 1449 qu‘a
1163 1412 1202 1438 se
1219 1413 1278 1438 re.

182 1464 310 1505 ferret,
331 1462 368 1492 et
385 1463 458 1504 quo.
487 1449 604 1498 Quod
622 1450 689 1488 ubi
707 1450 915 1499 audissem,
930 1451 963 1490 si
978 1451 1045 1490 ine
1061 1451 1196 1504 Appia¹
1210 1466 1275 1493 ve-

187 1516 299 1561 niret,
319 1519 388 1559 ego
400 1503 578 1554 Arpinum
592 1504 818 1555 cogitabam.

267 1749 604 1780 Eprs‘rOLARUM
635 1752 758 1779 'rOMI
788 1751 995 1780 SECUNDI
1024 1752 1166 1780 FINIS.

396 2104 1051 2117 *Ἣ-

391 2143 566 2168 xxcum'r
593 2143 628 2169 τ.
656 2144 841 2179 ὈΑΥΧΒΟΝ,
865 2146 1052 2175 ,Lelmnu-
