<?xml version="1.0" encoding="UTF-8"?>
<!DOCTYPE html PUBLIC "-//W3C//DTD XHTML 1.0 Transitional//EN"
    "http://www.w3.org/TR/xhtml1/DTD/xhtml1-transitional.dtd">
<html xmlns="http://www.w3.org/1999/xhtml" xml:lang="en" lang="en">
 <head>
  <title>
</title>
<meta http-equiv="Content-Type" content="text/html;charset=utf-8" />
  <meta name='ocr-system' content='tesseract 3.04.00' />
  <meta name='ocr-capabilities' content='ocr_page ocr_carea ocr_par ocr_line ocrx_word'/>
</head>
<body>
  <div class='ocr_page' id='page_1' title='image "./operaern10ciceuoft_0312.png"; bbox 0 0 1513 2382; ppageno 0'>
   <div class='ocr_carea' id='block_1_1' title="bbox 196 136 1089 178">
    <p class='ocr_par' dir='ltr' id='par_1_1' title="bbox 196 136 1089 178">
     <span class='ocr_line' id='line_1_1' title="bbox 196 136 1089 178; baseline 0 -2"><span class='ocrx_word' id='word_1_1' title='bbox 196 139 276 178; x_wconf 81' lang='lat'><strong>298</strong></span> <span class='ocrx_word' id='word_1_2' title='bbox 398 137 481 177; x_wconf 93' lang='lat' dir='ltr'><strong>AD</strong></span> <span class='ocrx_word' id='word_1_3' title='bbox 508 136 792 176; x_wconf 85' lang='lat' dir='ltr'><strong>ATTICUM.</strong></span> <span class='ocrx_word' id='word_1_4' title='bbox 821 136 921 176; x_wconf 67' lang='lat'><strong>1113.</strong></span> <span class='ocrx_word' id='word_1_5' title='bbox 940 137 993 177; x_wconf 87' lang='lat' dir='ltr'><strong>V.</strong></span> <span class='ocrx_word' id='word_1_6' title='bbox 1021 138 1089 176; x_wconf 75' lang='lat'><strong>21.</strong></span> 
     </span>
    </p>
   </div>
   <div class='ocr_carea' id='block_1_2' title="bbox 194 243 1311 1372">
    <p class='ocr_par' dir='ltr' id='par_1_2' title="bbox 194 243 1311 1372">
     <span class='ocr_line' id='line_1_2' title="bbox 198 243 1308 297; baseline -0.002 -13"><span class='ocrx_word' id='word_1_7' title='bbox 198 252 382 284; x_wconf 84' lang='lat' dir='ltr'><strong>cerentur.</strong></span> <span class='ocrx_word' id='word_1_8' title='bbox 412 245 499 284; x_wconf 87' lang='lat' dir='ltr'><strong>Hoc</strong></span> <span class='ocrx_word' id='word_1_9' title='bbox 510 244 604 297; x_wconf 86' lang='lat' dir='ltr'><strong>quid</strong></span> <span class='ocrx_word' id='word_1_10' title='bbox 616 245 778 292; x_wconf 79' lang='lat' dir='ltr'><strong>intersit,</strong></span> <span class='ocrx_word' id='word_1_11' title='bbox 793 244 825 284; x_wconf 90' lang='lat' dir='ltr'><strong>si</strong></span> <span class='ocrx_word' id='word_1_12' title='bbox 838 252 924 283; x_wconf 82' lang='lat' dir='ltr'><strong>tuos</strong></span> <span class='ocrx_word' id='word_1_13' title='bbox 941 244 1078 296; x_wconf 82' lang='lat' dir='ltr'><strong>digitos</strong></span> <span class='ocrx_word' id='word_1_14' title='bbox 1090 243 1194 292; x_wconf 87' lang='lat' dir='ltr'><strong>novi,</strong></span> <span class='ocrx_word' id='word_1_15' title='bbox 1207 244 1308 282; x_wconf 61' lang='lat' dir='ltr'><strong>‘certe</strong></span> 
     </span>
     <span class='ocr_line' id='line_1_3' title="bbox 196 297 1305 350; baseline -0.003 -14"><span class='ocrx_word' id='word_1_16' title='bbox 196 299 313 337; x_wconf 90' lang='lat' dir='ltr'><strong>habes</strong></span> <span class='ocrx_word' id='word_1_17' title='bbox 346 299 589 337; x_wconf 87' lang='lat' dir='ltr'><strong>subductum.</strong></span> <span class='ocrx_word' id='word_1_18' title='bbox 632 301 681 338; x_wconf 92' lang='lat' dir='ltr'><strong>In</strong></span> <span class='ocrx_word' id='word_1_19' title='bbox 713 310 790 350; x_wconf 92' lang='lat' dir='ltr'><strong>quo</strong></span> <span class='ocrx_word' id='word_1_20' title='bbox 816 298 988 350; x_wconf 85' lang='lat' dir='ltr'><strong>quidem,</strong></span> <span class='ocrx_word' id='word_1_21' title='bbox 1015 297 1089 336; x_wconf 80' lang='grc' dir='ltr'>ὁδου</span> <span class='ocrx_word' id='word_1_22' title='bbox 1118 311 1305 347; x_wconf 69' lang='grc' dir='ltr'>παρεργον,</span> 
     </span>
     <span class='ocr_line' id='line_1_4' title="bbox 199 351 1308 404; baseline -0.002 -14"><span class='ocrx_word' id='word_1_23' title='bbox 199 351 401 400; x_wconf 82' lang='lat' dir='ltr'>Lucceius,</span> <span class='ocrx_word' id='word_1_24' title='bbox 422 352 484 390; x_wconf 87' lang='lat' dir='ltr'><strong>M.</strong></span> <span class='ocrx_word' id='word_1_25' title='bbox 504 353 551 390; x_wconf 91' lang='lat' dir='ltr'><strong>F.</strong></span> <span class='ocrx_word' id='word_1_26' title='bbox 571 352 742 404; x_wconf 91' lang='lat' dir='ltr'><strong>queritur</strong></span> <span class='ocrx_word' id='word_1_27' title='bbox 759 352 864 403; x_wconf 85' lang='lat' dir='ltr'><strong>apud</strong></span> <span class='ocrx_word' id='word_1_28' title='bbox 874 365 937 390; x_wconf 90' lang='lat' dir='ltr'><strong>me</strong></span> <span class='ocrx_word' id='word_1_29' title='bbox 954 365 1023 404; x_wconf 91' lang='lat' dir='ltr'><strong>per</strong></span> <span class='ocrx_word' id='word_1_30' title='bbox 1039 351 1180 399; x_wconf 81' lang='lat' dir='ltr'><strong>literas,</strong></span> <span class='ocrx_word' id='word_1_31' title='bbox 1201 362 1308 388; x_wconf 91' lang='lat' dir='ltr'><strong>sum-</strong></span> 
     </span>
     <span class='ocr_line' id='line_1_5' title="bbox 198 403 1306 457; baseline -0.001 -14"><span class='ocrx_word' id='word_1_32' title='bbox 198 417 308 443; x_wconf 88' lang='lat' dir='ltr'><strong>mum</strong></span> <span class='ocrx_word' id='word_1_33' title='bbox 327 418 405 444; x_wconf 91' lang='lat' dir='ltr'><strong>esse</strong></span> <span class='ocrx_word' id='word_1_34' title='bbox 422 406 649 456; x_wconf 84' lang='lat' dir='ltr'><strong>periculum,</strong></span> <span class='ocrx_word' id='word_1_35' title='bbox 662 418 724 453; x_wconf 83' lang='lat' dir='ltr'><strong>ne,</strong></span> <span class='ocrx_word' id='word_1_36' title='bbox 745 406 859 457; x_wconf 53' lang='lat' dir='ltr'><strong>culp&#39;ssa</strong></span> <span class='ocrx_word' id='word_1_37' title='bbox 873 407 1037 454; x_wconf 68' lang='lat' dir='ltr'><strong>senatus,</strong></span> <span class='ocrx_word' id='word_1_38' title='bbox 1057 405 1116 443; x_wconf 86' lang='lat' dir='ltr'><strong>his</strong></span> <span class='ocrx_word' id='word_1_39' title='bbox 1135 403 1306 452; x_wconf 81' lang='lat' dir='ltr'><strong>decretis,</strong></span> 
     </span>
     <span class='ocr_line' id='line_1_6' title="bbox 194 457 1307 510; baseline -0.001 -14"><span class='ocrx_word' id='word_1_40' title='bbox 194 472 256 497; x_wconf 55' lang='grc' dir='ltr'><strong>τω</strong></span> <span class='ocrx_word' id='word_1_41' title='bbox 275 459 324 497; x_wconf 85' lang='lat' dir='ltr'><strong>ad</strong></span> <span class='ocrx_word' id='word_1_42' title='bbox 348 460 496 498; x_wconf 82' lang='lat' dir='ltr'><strong>tabulas</strong></span> <span class='ocrx_word' id='word_1_43' title='bbox 522 472 638 498; x_wconf 87' lang='lat' dir='ltr'><strong>novas</strong></span> <span class='ocrx_word' id='word_1_44' title='bbox 656 460 861 510; x_wconf 83' lang='lat' dir='ltr'><strong>perveniat.</strong></span> <span class='ocrx_word' id='word_1_45' title='bbox 891 459 1191 505; x_wconf 79' lang='lat' dir='ltr'><strong>Commemorat,</strong></span> <span class='ocrx_word' id='word_1_46' title='bbox 1211 457 1307 509; x_wconf 89' lang='lat' dir='ltr'><strong>quid</strong></span> 
     </span>
     <span class='ocr_line' id='line_1_7' title="bbox 198 510 1307 560; baseline -0.002 -10"><span class='ocrx_word' id='word_1_47' title='bbox 198 512 293 550; x_wconf 90' lang='lat' dir='ltr'><strong>olim</strong></span> <span class='ocrx_word' id='word_1_48' title='bbox 312 512 405 550; x_wconf 88' lang='lat' dir='ltr'><strong>mali</strong></span> <span class='ocrx_word' id='word_1_49' title='bbox 424 513 468 551; x_wconf 87' lang='lat' dir='ltr'><strong>C.</strong></span> <span class='ocrx_word' id='word_1_50' title='bbox 492 513 627 551; x_wconf 83' lang='lat' dir='ltr'><strong>Julius</strong></span> <span class='ocrx_word' id='word_1_51' title='bbox 651 512 794 560; x_wconf 80' lang='lat' dir='ltr'><strong>fecerit,</strong></span> <span class='ocrx_word' id='word_1_52' title='bbox 815 525 903 551; x_wconf 88' lang='lat' dir='ltr'><strong>cum</strong></span> <span class='ocrx_word' id='word_1_53' title='bbox 923 513 1112 552; x_wconf 78' lang='lat' dir='ltr'><strong>dieculam</strong></span> <span class='ocrx_word' id='word_1_54' title='bbox 1130 510 1283 550; x_wconf 84' lang='lat' dir='ltr'><strong>duxerit</strong></span> <span class='ocrx_word' id='word_1_55' title='bbox 1295 525 1307 549; x_wconf 70' lang='grc' dir='ltr'>ς</span> 
     </span>
     <span class='ocr_line' id='line_1_8' title="bbox 198 565 1308 618; baseline -0.001 -15"><span class='ocrx_word' id='word_1_56' title='bbox 198 578 399 617; x_wconf 88' lang='lat' dir='ltr'><strong>nunquam</strong></span> <span class='ocrx_word' id='word_1_57' title='bbox 417 567 630 618; x_wconf 82' lang='lat' dir='ltr'>respublica</span> <span class='ocrx_word' id='word_1_58' title='bbox 646 567 747 617; x_wconf 88' lang='lat' dir='ltr'><strong>plus.</strong></span> <span class='ocrx_word' id='word_1_59' title='bbox 787 566 863 605; x_wconf 85' lang='lat' dir='ltr'><strong>Sed</strong></span> <span class='ocrx_word' id='word_1_60' title='bbox 882 566 931 604; x_wconf 86' lang='lat' dir='ltr'><strong>ad</strong></span> <span class='ocrx_word' id='word_1_61' title='bbox 949 579 1030 605; x_wconf 89' lang='lat' dir='ltr'><strong>rem</strong></span> <span class='ocrx_word' id='word_1_62' title='bbox 1054 566 1178 604; x_wconf 89' lang='lat' dir='ltr'><strong>redeo.</strong></span> <span class='ocrx_word' id='word_1_63' title='bbox 1216 565 1308 603; x_wconf 91' lang='lat' dir='ltr'><strong>Me-</strong></span> 
     </span>
     <span class='ocr_line' id='line_1_9' title="bbox 196 619 1310 666; baseline -0.001 -9"><span class='ocrx_word' id='word_1_64' title='bbox 196 619 316 657; x_wconf 80' lang='lat' dir='ltr'><strong>ditare</strong></span> <span class='ocrx_word' id='word_1_65' title='bbox 327 619 506 658; x_wconf 88' lang='lat' dir='ltr'><strong>adversus</strong></span> <span class='ocrx_word' id='word_1_66' title='bbox 524 621 695 658; x_wconf 87' lang='lat' dir='ltr'><strong>Brutum</strong></span> <span class='ocrx_word' id='word_1_67' title='bbox 714 632 867 658; x_wconf 87' lang='lat' dir='ltr'><strong>causam</strong></span> <span class='ocrx_word' id='word_1_68' title='bbox 885 633 1034 666; x_wconf 80' lang='lat' dir='ltr'><strong>meam3</strong></span> <span class='ocrx_word' id='word_1_69' title='bbox 1055 619 1087 657; x_wconf 89' lang='lat' dir='ltr'><strong>si</strong></span> <span class='ocrx_word' id='word_1_70' title='bbox 1103 620 1185 658; x_wconf 88' lang='lat' dir='ltr'><strong>haec</strong></span> <span class='ocrx_word' id='word_1_71' title='bbox 1196 631 1310 658; x_wconf 84' lang='lat' dir='ltr'><strong>causa</strong></span> 
     </span>
     <span class='ocr_line' id='line_1_10' title="bbox 199 673 1310 725; baseline 0.001 -15"><span class='ocrx_word' id='word_1_72' title='bbox 199 680 270 720; x_wconf 85' lang='lat' dir='ltr'><strong>est,</strong></span> <span class='ocrx_word' id='word_1_73' title='bbox 294 681 423 712; x_wconf 86' lang='lat' dir='ltr'><strong>contra</strong></span> <span class='ocrx_word' id='word_1_74' title='bbox 441 687 560 724; x_wconf 91' lang='lat' dir='ltr'><strong>quam</strong></span> <span class='ocrx_word' id='word_1_75' title='bbox 587 673 685 711; x_wconf 89' lang='lat' dir='ltr'><strong>nihil</strong></span> <span class='ocrx_word' id='word_1_76' title='bbox 709 674 865 712; x_wconf 87' lang='lat' dir='ltr'><strong>honeste</strong></span> <span class='ocrx_word' id='word_1_77' title='bbox 883 673 958 712; x_wconf 88' lang='lat' dir='ltr'><strong>dici</strong></span> <span class='ocrx_word' id='word_1_78' title='bbox 974 680 1123 725; x_wconf 74' lang='lat' dir='ltr'><strong>potest3</strong></span> <span class='ocrx_word' id='word_1_79' title='bbox 1152 685 1310 725; x_wconf 57' lang='lat' dir='ltr'><strong>praeser-</strong></span> 
     </span>
     <span class='ocr_line' id='line_1_11' title="bbox 197 726 1150 780; baseline 0.001 -17"><span class='ocrx_word' id='word_1_80' title='bbox 197 727 268 764; x_wconf 83' lang='lat' dir='ltr'><strong>tim</strong></span> <span class='ocrx_word' id='word_1_81' title='bbox 283 739 372 764; x_wconf 90' lang='lat' dir='ltr'><strong>cum</strong></span> <span class='ocrx_word' id='word_1_82' title='bbox 385 726 573 778; x_wconf 86' lang='lat' dir='ltr'><strong>integram</strong></span> <span class='ocrx_word' id='word_1_83' title='bbox 591 739 672 766; x_wconf 90' lang='lat' dir='ltr'><strong>rem</strong></span> <span class='ocrx_word' id='word_1_84' title='bbox 695 735 733 766; x_wconf 86' lang='lat' dir='ltr'><strong>et</strong></span> <span class='ocrx_word' id='word_1_85' title='bbox 750 740 903 766; x_wconf 85' lang='lat' dir='ltr'><strong>causam</strong></span> <span class='ocrx_word' id='word_1_86' title='bbox 920 727 1150 780; x_wconf 83' lang='lat' dir='ltr'><strong>reliquerim.</strong></span> 
     </span>
     <span class='ocr_line' id='line_1_12' title="bbox 251 779 1308 832; baseline 0.001 -15"><span class='ocrx_word' id='word_1_87' title='bbox 251 780 420 832; x_wconf 87' lang='lat' dir='ltr'><strong>Reliqua</strong></span> <span class='ocrx_word' id='word_1_88' title='bbox 431 789 520 818; x_wconf 86' lang='lat' dir='ltr'><strong>sunt</strong></span> <span class='ocrx_word' id='word_1_89' title='bbox 531 781 745 820; x_wconf 82' lang='lat' dir='ltr'><strong>domestica.</strong></span> <span class='ocrx_word' id='word_1_90' title='bbox 775 781 838 819; x_wconf 88' lang='lat' dir='ltr'><strong>De</strong></span> <span class='ocrx_word' id='word_1_91' title='bbox 857 781 1049 831; x_wconf 76' lang='grc' dir='ltr'>ενδομυχῳ,</span> <span class='ocrx_word' id='word_1_92' title='bbox 1061 782 1181 832; x_wconf 88' lang='lat' dir='ltr'><strong>probo</strong></span> <span class='ocrx_word' id='word_1_93' title='bbox 1190 779 1308 828; x_wconf 87' lang='lat' dir='ltr'><strong>idem,</strong></span> 
     </span>
     <span class='ocr_line' id='line_1_13' title="bbox 197 833 1311 886; baseline 0.001 -15"><span class='ocrx_word' id='word_1_94' title='bbox 197 833 302 884; x_wconf 87' lang='lat' dir='ltr'><strong>quod</strong></span> <span class='ocrx_word' id='word_1_95' title='bbox 319 842 362 872; x_wconf 89' lang='lat' dir='ltr'><strong>tu</strong></span> <span class='ocrx_word' id='word_1_96' title='bbox 377 848 388 879; x_wconf 92' lang='grc'>;</span> <span class='ocrx_word' id='word_1_97' title='bbox 419 834 627 873; x_wconf 85' lang='lat' dir='ltr'><strong>Postumiae</strong></span> <span class='ocrx_word' id='word_1_98' title='bbox 645 835 691 873; x_wconf 89' lang='lat' dir='ltr'><strong>F.</strong></span> <span class='ocrx_word' id='word_1_99' title='bbox 706 835 771 873; x_wconf 85' lang='lat' dir='ltr'><strong>ille</strong></span> <span class='ocrx_word' id='word_1_100' title='bbox 788 835 972 886; x_wconf 89' lang='lat' dir='ltr'><strong>quoniam</strong></span> <span class='ocrx_word' id='word_1_101' title='bbox 984 834 1171 873; x_wconf 85' lang='lat' dir='ltr'><strong>Pontidiae</strong></span> <span class='ocrx_word' id='word_1_102' title='bbox 1188 846 1311 885; x_wconf 87' lang='lat' dir='ltr'><strong>nuga-</strong></span> 
     </span>
     <span class='ocr_line' id='line_1_14' title="bbox 196 887 1311 936; baseline 0.003 -11"><span class='ocrx_word' id='word_1_103' title='bbox 196 894 284 925; x_wconf 82' lang='lat' dir='ltr'><strong>tur:</strong></span> <span class='ocrx_word' id='word_1_104' title='bbox 315 888 381 926; x_wconf 89' lang='lat' dir='ltr'><strong>sed</strong></span> <span class='ocrx_word' id='word_1_105' title='bbox 398 889 535 926; x_wconf 87' lang='lat' dir='ltr'><strong>vellem</strong></span> <span class='ocrx_word' id='word_1_106' title='bbox 553 889 711 928; x_wconf 87' lang='lat' dir='ltr'><strong>adesses.</strong></span> <span class='ocrx_word' id='word_1_107' title='bbox 739 890 779 927; x_wconf 92' lang='lat' dir='ltr'><strong>A</strong></span> <span class='ocrx_word' id='word_1_108' title='bbox 798 888 946 936; x_wconf 77' lang='lat' dir='ltr'><strong>Quinto</strong></span> <span class='ocrx_word' id='word_1_109' title='bbox 959 887 1074 927; x_wconf 87' lang='lat' dir='ltr'><strong>fratre</strong></span> <span class='ocrx_word' id='word_1_110' title='bbox 1095 888 1156 926; x_wconf 87' lang='lat' dir='ltr'><strong>his</strong></span> <span class='ocrx_word' id='word_1_111' title='bbox 1170 889 1311 928; x_wconf 87' lang='lat' dir='ltr'><strong>mensi-</strong></span> 
     </span>
     <span class='ocr_line' id='line_1_15' title="bbox 197 941 1309 994; baseline 0.003 -16"><span class='ocrx_word' id='word_1_112' title='bbox 197 942 270 979; x_wconf 91' lang='lat' dir='ltr'><strong>bus</strong></span> <span class='ocrx_word' id='word_1_113' title='bbox 293 941 390 979; x_wconf 87' lang='lat' dir='ltr'><strong>nihil</strong></span> <span class='ocrx_word' id='word_1_114' title='bbox 419 943 668 993; x_wconf 56' lang='lat' dir='ltr'><strong>exspectaris:</strong></span> <span class='ocrx_word' id='word_1_115' title='bbox 699 955 791 981; x_wconf 86' lang='lat' dir='ltr'><strong>nam</strong></span> <span class='ocrx_word' id='word_1_116' title='bbox 816 942 985 992; x_wconf 75' lang='lat' dir='ltr'><strong>Tamus,</strong></span> <span class='ocrx_word' id='word_1_117' title='bbox 1011 949 1164 994; x_wconf 63' lang='lat' dir='ltr'><strong>propter</strong></span> <span class='ocrx_word' id='word_1_118' title='bbox 1187 942 1309 992; x_wconf 87' lang='lat' dir='ltr'><strong>nives,</strong></span> 
     </span>
     <span class='ocr_line' id='line_1_16' title="bbox 198 996 1311 1048; baseline 0.003 -16"><span class='ocrx_word' id='word_1_119' title='bbox 198 1003 288 1033; x_wconf 84' lang='lat' dir='ltr'><strong>ante</strong></span> <span class='ocrx_word' id='word_1_120' title='bbox 324 1008 495 1034; x_wconf 88' lang='lat' dir='ltr'><strong>mensem</strong></span> <span class='ocrx_word' id='word_1_121' title='bbox 523 996 553 1034; x_wconf 87' lang='lat' dir='ltr'><strong><em>J</em></strong></span> <span class='ocrx_word' id='word_1_122' title='bbox 556 997 692 1034; x_wconf 91' lang='lat' dir='ltr'><strong>unium</strong></span> <span class='ocrx_word' id='word_1_123' title='bbox 723 996 874 1035; x_wconf 88' lang='lat' dir='ltr'><strong>transiri</strong></span> <span class='ocrx_word' id='word_1_124' title='bbox 902 1009 979 1035; x_wconf 90' lang='lat' dir='ltr'><strong>non</strong></span> <span class='ocrx_word' id='word_1_125' title='bbox 1003 1002 1140 1048; x_wconf 86' lang='lat' dir='ltr'><strong>potest.</strong></span> <span class='ocrx_word' id='word_1_126' title='bbox 1186 996 1311 1035; x_wconf 85' lang='lat' dir='ltr'><strong>Ther-</strong></span> 
     </span>
     <span class='ocr_line' id='line_1_17' title="bbox 198 1049 1311 1100; baseline 0.004 -14"><span class='ocrx_word' id='word_1_127' title='bbox 198 1059 324 1098; x_wconf 83' lang='lat' dir='ltr'><strong>mum,</strong></span> <span class='ocrx_word' id='word_1_128' title='bbox 343 1056 388 1087; x_wconf 88' lang='lat' dir='ltr'><strong>ut</strong></span> <span class='ocrx_word' id='word_1_129' title='bbox 414 1063 538 1100; x_wconf 86' lang='lat' dir='ltr'><strong>rogas,</strong></span> <span class='ocrx_word' id='word_1_130' title='bbox 558 1050 791 1089; x_wconf 84' lang='lat' dir='ltr'><strong>creberrimis</strong></span> <span class='ocrx_word' id='word_1_131' title='bbox 808 1050 925 1089; x_wconf 80' lang='lat' dir='ltr'><strong>literis</strong></span> <span class='ocrx_word' id='word_1_132' title='bbox 942 1050 1070 1089; x_wconf 85' lang='lat' dir='ltr'><strong>fulcio.</strong></span> <span class='ocrx_word' id='word_1_133' title='bbox 1111 1049 1158 1088; x_wconf 87' lang='lat' dir='ltr'><strong>P.</strong></span> <span class='ocrx_word' id='word_1_134' title='bbox 1191 1050 1311 1090; x_wconf 87' lang='lat' dir='ltr'><strong>Vale-</strong></span> 
     </span>
     <span class='ocr_line' id='line_1_18' title="bbox 198 1101 1310 1156; baseline 0.001 -15"><span class='ocrx_word' id='word_1_135' title='bbox 198 1101 300 1141; x_wconf 90' lang='lat' dir='ltr'><strong>rium</strong></span> <span class='ocrx_word' id='word_1_136' title='bbox 320 1110 435 1154; x_wconf 84' lang='lat' dir='ltr'><strong>negat</strong></span> <span class='ocrx_word' id='word_1_137' title='bbox 461 1104 600 1142; x_wconf 83' lang='lat' dir='ltr'><strong>habere</strong></span> <span class='ocrx_word' id='word_1_138' title='bbox 624 1104 837 1156; x_wconf 88' lang='lat' dir='ltr'><strong>quidquam</strong></span> <span class='ocrx_word' id='word_1_139' title='bbox 855 1104 1060 1143; x_wconf 80' lang='lat' dir='ltr'><strong>Deiotarus</strong></span> <span class='ocrx_word' id='word_1_140' title='bbox 1078 1117 1172 1150; x_wconf 83' lang='lat' dir='ltr'><strong>rex;</strong></span> <span class='ocrx_word' id='word_1_141' title='bbox 1202 1117 1310 1142; x_wconf 87' lang='lat' dir='ltr'><strong>eum-</strong></span> 
     </span>
     <span class='ocr_line' id='line_1_19' title="bbox 199 1157 1310 1206; baseline 0.002 -12"><span class='ocrx_word' id='word_1_142' title='bbox 199 1169 289 1206; x_wconf 88' lang='lat' dir='ltr'><strong>que,</strong></span> <span class='ocrx_word' id='word_1_143' title='bbox 309 1157 375 1204; x_wconf 85' lang='lat' dir='ltr'><strong>ait,</strong></span> <span class='ocrx_word' id='word_1_144' title='bbox 396 1171 420 1195; x_wconf 88' lang='lat' dir='ltr'>a</span> <span class='ocrx_word' id='word_1_145' title='bbox 443 1170 482 1195; x_wconf 88' lang='lat' dir='ltr'><strong>se</strong></span> <span class='ocrx_word' id='word_1_146' title='bbox 507 1158 718 1197; x_wconf 76' lang='lat' dir='ltr'><strong>sustentari.</strong></span> <span class='ocrx_word' id='word_1_147' title='bbox 749 1158 850 1197; x_wconf 90' lang='lat' dir='ltr'><strong>Cum</strong></span> <span class='ocrx_word' id='word_1_148' title='bbox 871 1157 974 1204; x_wconf 77' lang='lat' dir='ltr'><strong>scies,</strong></span> <span class='ocrx_word' id='word_1_149' title='bbox 995 1159 1133 1196; x_wconf 88' lang='lat' dir='ltr'><strong>Romae</strong></span> <span class='ocrx_word' id='word_1_150' title='bbox 1149 1158 1310 1197; x_wconf 85' lang='lat' dir='ltr'><strong>interca-</strong></span> 
     </span>
     <span class='ocr_line' id='line_1_20' title="bbox 196 1209 1308 1263; baseline 0.002 -15"><span class='ocrx_word' id='word_1_151' title='bbox 196 1209 322 1248; x_wconf 87' lang='lat' dir='ltr'><strong>latum</strong></span> <span class='ocrx_word' id='word_1_152' title='bbox 350 1211 412 1258; x_wconf 81' lang='lat' dir='ltr'><strong>sit‚</strong></span> <span class='ocrx_word' id='word_1_153' title='bbox 433 1223 575 1257; x_wconf 79' lang='lat' dir='ltr'><strong>necne3</strong></span> <span class='ocrx_word' id='word_1_154' title='bbox 605 1212 720 1250; x_wconf 90' lang='lat' dir='ltr'><strong>velim</strong></span> <span class='ocrx_word' id='word_1_155' title='bbox 745 1212 794 1250; x_wconf 85' lang='lat' dir='ltr'><strong>ad</strong></span> <span class='ocrx_word' id='word_1_156' title='bbox 811 1225 874 1250; x_wconf 92' lang='lat' dir='ltr'><strong>me</strong></span> <span class='ocrx_word' id='word_1_157' title='bbox 893 1213 1030 1251; x_wconf 87' lang='lat' dir='ltr'><strong>scribas</strong></span> <span class='ocrx_word' id='word_1_158' title='bbox 1050 1218 1209 1259; x_wconf 86' lang='lat' dir='ltr'><strong>certum,</strong></span> <span class='ocrx_word' id='word_1_159' title='bbox 1230 1225 1308 1263; x_wconf 91' lang='lat' dir='ltr'><strong>quo</strong></span> 
     </span>
     <span class='ocr_line' id='line_1_21' title="bbox 198 1263 1307 1317; baseline 0.003 -16"><span class='ocrx_word' id='word_1_160' title='bbox 198 1263 261 1301; x_wconf 87' lang='lat' dir='ltr'><strong>die</strong></span> <span class='ocrx_word' id='word_1_161' title='bbox 277 1264 457 1315; x_wconf 85' lang='lat' dir='ltr'><strong>mysteria</strong></span> <span class='ocrx_word' id='word_1_162' title='bbox 474 1265 604 1302; x_wconf 87' lang='lat' dir='ltr'><strong>futura</strong></span> <span class='ocrx_word' id='word_1_163' title='bbox 622 1265 708 1303; x_wconf 88' lang='lat' dir='ltr'><strong>sint.</strong></span> <span class='ocrx_word' id='word_1_164' title='bbox 751 1266 900 1304; x_wconf 83' lang='lat' dir='ltr'><strong>Literas</strong></span> <span class='ocrx_word' id='word_1_165' title='bbox 924 1273 1009 1304; x_wconf 87' lang='lat' dir='ltr'><strong>tuas</strong></span> <span class='ocrx_word' id='word_1_166' title='bbox 1037 1266 1165 1303; x_wconf 90' lang='lat' dir='ltr'><strong>minus</strong></span> <span class='ocrx_word' id='word_1_167' title='bbox 1191 1267 1307 1317; x_wconf 89' lang='lat' dir='ltr'><strong>paulo</strong></span> 
     </span>
     <span class='ocr_line' id='line_1_22' title="bbox 196 1318 1305 1372; baseline 0.001 -17"><span class='ocrx_word' id='word_1_168' title='bbox 196 1325 388 1370; x_wconf 83' lang='lat' dir='ltr'><strong>exspecto,</strong></span> <span class='ocrx_word' id='word_1_169' title='bbox 405 1331 523 1369; x_wconf 86' lang='lat' dir='ltr'><strong>quam</strong></span> <span class='ocrx_word' id='word_1_170' title='bbox 541 1318 573 1358; x_wconf 92' lang='lat' dir='ltr'><strong>si</strong></span> <span class='ocrx_word' id='word_1_171' title='bbox 591 1319 729 1358; x_wconf 87' lang='lat' dir='ltr'><strong>Romae</strong></span> <span class='ocrx_word' id='word_1_172' title='bbox 740 1332 860 1358; x_wconf 77' lang='lat' dir='ltr'><strong>esses:</strong></span> <span class='ocrx_word' id='word_1_173' title='bbox 889 1319 955 1358; x_wconf 87' lang='lat' dir='ltr'><strong>sed</strong></span> <span class='ocrx_word' id='word_1_174' title='bbox 973 1326 1101 1358; x_wconf 83' lang='lat' dir='ltr'><strong>tamen</strong></span> <span class='ocrx_word' id='word_1_175' title='bbox 1119 1327 1305 1372; x_wconf 82' lang='lat' dir='ltr'><strong>exspecto.</strong></span> 
     </span>
    </p>
   </div>
  </div>
 </body>
</html>
