1513 2382
273 108 351 151 278
482 109 559 147 AD
590 107 869 147 ATTICUM.
900 107 999 145 Lm.
1030 107 1080 146 V.
1114 107 1173 144 10.

270 226 394 266 neque
422 215 469 254 de
499 217 582 266 ejus
610 216 775 254 adventu
801 214 892 253 certi
919 213 1133 266 quidquam
1160 213 1350 251 habebam
1366 226 1378 250 :

270 281 373 306 eram
403 277 531 308 autem
561 278 678 318 totus,
712 269 819 308 crede
850 268 961 315 mihi,
994 276 1145 306 tecum:
1175 274 1213 305 et
1243 278 1383 318 quam-

269 335 387 373 quam
410 323 491 361 sine
513 324 572 361 his
599 336 667 374 per
695 336 757 361 me
782 323 875 373 ipse,
901 329 1030 360 tamen
1055 321 1190 367 acrius,
1216 319 1384 369 vestigiis

269 377 344 414 tuis
362 377 543 425 monitus,
564 377 611 415 de
629 385 666 415 te
692 376 917 427 cogitabam.
947 374 1055 422 Quid
1087 373 1257 426 quaeris'?
1287 373 1383 410 Non·

273 430 524 480 (mehercule)
555 431 652 468 alius
681 431 784 467 ullus
813 442 950 476 sermo,
980 428 1053 467 nisi
1081 428 1127 466 de
1156 436 1203 466 te.
1234 426 1311 466 Sed
1339 432 1382 463 tu

270 483 417 534 aliquid
435 484 482 522 de
500 497 563 522 me
582 484 673 521 scire
691 484 846 521 fortasse
864 482 1008 520 mavis:
1038 482 1120 519 haec
1138 488 1238 520 sunt.

325 537 466 575 Adhuc
485 545 633 575 sumtus
651 549 719 575 nec
748 537 788 573 in
806 549 869 574 me
896 543 963 573 aut
985 535 1137 586 publice
1160 542 1228 572 aut
1254 533 1382 585 privar

269 590 354 637 tim,
382 603 450 628 nec
479 591 519 628 in
550 603 786 642 quemquam
819 589 1014 628 comitum.
1058 587 1172 626 Nihil
1199 586 1384 639 accipitur

268 643 352 694 lege
370 644 399 682 J
402 644 495 690 ulia,
510 644 607 681 nihil
625 645 673 681 ab
691 643 850 694 hospite.
881 643 1112 680 Persuasum
1131 648 1187 679 est
1202 640 1382 679 omnibus

269 698 378 744 meis,
396 698 634 736 serviendum
649 710 726 735 esse
737 697 850 734 famae
863 709 971 734 meae.
994 695 1104 733 Belle
1118 694 1253 732 adhuc.
1278 694 1382 740 Hoc,

270 751 590 797 animadversum,
614 751 835 788 Graecorum
859 749 972 788 laude
997 755 1035 787 et
1063 748 1187 786 multo
1212 758 1385 786 sermone

269 805 490 842 celebratur.
520 804 638 852 Quod
667 811 848 855 superest,
878 804 1092 841 elaboratur
1108 802 1149 839 in
1173 802 1245 840 hoc
1263 814 1287 839 a
1303 813 1381 847 me,

269 857 366 896 sicut
401 858 472 896 tibi
509 858 608 896 sensi
636 859 794 909 placere.
825 857 901 896 Sed
935 856 1018 894 haec
1048 862 1134 894 tum
1162 854 1380 900 laudemus,

268 923 357 949 cum
389 920 500 950 erunt
535 920 719 963 perorata.
767 911 935 962 Reliqua
972 916 1061 948 sunt
1097 908 1299 959 ejusmodi,
1337 914 1383 945 ut

267 977 399 1003 meum
429 966 628 1004 consilium
656 978 752 1016 saepe
770 963 1058 1016 reprehendam,
1089 961 1193 1014 quod
1210 974 1288 1000 non
1313 960 1385 998 ali-

267 1019 345 1070 qua
364 1019 507 1057 ratione
526 1032 573 1057 ex
591 1019 663 1057 hoc
682 1019 832 1070 negotio
851 1017 1080 1056 emerserim.
1109 1016 1148 1055 O
1167 1028 1248 1054 rem
1265 1013 1384 1053 mini-

267 1084 332 1110 me
363 1081 493 1124 aptam
529 1072 624 1111 meis
661 1072 858 1111 moribus!
897 1070 935 1110 O
966 1071 1080 1108 illum
1111 1082 1261 1117 verum,
1300 1067 1384 1120 ἔρδοι

272 1140 331 1168 τις
345 1127 414 1165 ...!

323 1179 454 1227 Dices,
481 1179 575 1231 quid
593 1180 750 1218 adhuc?
780 1178 952 1217 nondum
980 1177 1021 1216 in
1040 1176 1192 1228 negotio
1209 1173 1379 1215 versaris.

270 1233 437 1278 Nesci0;
468 1241 505 1271 et
531 1240 626 1284 puto
655 1233 871 1271 molestiora
900 1239 1062 1270 restare:
1093 1230 1163 1269 etsi
1190 1230 1273 1267 haec
1299 1228 1384 1279 ipsa

269 1285 349 1324 fero
368 1286 560 1338 equidem,
580 1287 704 1325 fronte
725 1287 787 1338 (ut
811 1284 924 1337 puto)
945 1292 983 1323 et
1008 1285 1133 1331 vultu,
1152 1281 1382 1327 bellissime;

269 1339 336 1378 sed
353 1352 472 1390 angor
489 1340 634 1378 intimis
664 1340 835 1378 sensibus
850 1353 860 1376 ι
890 1339 944 1376 ita
961 1338 1086 1376 multa
1103 1337 1164 1375 vel
1189 1335 1384 1382 iracunde,

270 1394 331 1432 vel
348 1393 566 1437 insolenter,
598 1394 658 1431 vel
677 1393 717 1431 in
743 1392 848 1430 omni
872 1404 1008 1443 genere
1033 1390 1204 1429 stultitiae
1227 1389 1384 1436 insulse,

270 1454 504 1497 arroganter,
531 1455 567 1485 et
589 1447 769 1485 dicuntur
794 1454 831 1484 et
855 1453 1028 1484 tacentur
1056 1443 1238 1496 quotidie.
1266 1441 1384 1490 Quae,

269 1513 347 1538 non
366 1513 444 1551 quo
462 1508 500 1538 te
511 1500 644 1548 celem,
658 1512 734 1538 non
752 1499 955 1551 perscribo,
971 1498 1036 1537 sed
1050 1498 1142 1549 quia
1160 1496 1386 1546 δυσεξιμητα

270 1561 372 1592 sunt.
402 1554 539 1605 Itaque
557 1554 792 1592 admirabere
809 1565 936 1590 meam
956 1553 1163 1598 βαθυτητα,
1183 1562 1272 1588 cum
1291 1547 1386 1586 salvi

270 1607 516 1646 redierimus:
546 1615 653 1645 tanta
679 1607 776 1645 mihi
794 1614 930 1654 μελε-τη
950 1605 1068 1653 hujus
1092 1603 1241 1643 virtutis
1259 1602 1384 1640 datur.

271 1661 378 1711 Ergo
396 1661 478 1699 haec
497 1674 650 1713 quoque
661 1661 855 1699 hactenus.
884 1659 972 1698 Etsi
985 1658 1082 1696 mihi
1093 1657 1191 1695 nihil
1204 1663 1284 1695 erat
1296 1667 1386 1706 pro-

272 1715 439 1765 positum
460 1715 509 1752 ad
529 1714 795 1759 scribendum3
826 1713 929 1764 quia,
950 1711 1044 1763 quid
1063 1723 1205 1762 ageres,
1224 1709 1294 1748 ubi
1312 1716 1387 1746 ter-

272 1781 404 1805 rarum
433 1781 542 1816 esses,
569 1781 618 1805 ne
642 1768 858 1819 suspicabar
882 1766 1066 1817 quidem:
1096 1777 1166 1803 nec
1195 1759 1385 1814 (hercule)

274 1833 448 1872 unquam
466 1829 547 1859 tam
566 1822 633 1859 diu
657 1821 813 1871 ignarus
831 1833 960 1858 rerum
983 1831 1160 1856 mearum
1178 1816 1262 1861 fui3
1291 1814 1387 1866 quid

273 1874 321 1913 de
342 1873 517 1921 Caesaris,
544 1875 638 1927 quid
657 1875 704 1912 de
724 1873 898 1920 Milonis,
924 1872 1144 1910 nominibus
1162 1877 1291 1908 actum
1309 1869 1359 1907 sit
1371 1882 1383 1906 ε

275 1941 318 1966 ac
336 1941 413 1966 non
432 1929 547 1967 modo
565 1941 693 1975 nemo,
707 1927 771 1965 sed
789 1940 838 1965 ne
854 1939 986 1964 rumor
998 1925 1153 1976 quidem
1166 1923 1385 1975 quisquam,

275 1988 318 2018 ut
337 1982 530 2028 sciremus,
556 1982 597 2019 in
628 1994 668 2019 re
684 1980 840 2032 publica
865 1980 959 2031 quid
976 1985 1160 2030 ageretur.
1190 1976 1334 2024 Quare,
1355 1974 1389 2012 si

278 2034 372 2084 quid
392 2035 475 2082 erit,
496 2035 601 2086 quod
619 2035 713 2073 scias
741 2034 788 2072 de
805 2034 850 2071 iis
869 2035 981 2071 rebus
1003 2044 1098 2083 quas
1122 2029 1275 2082 putabis
1293 2028 1386 2067 scire

276 2098 339 2124 me
369 2088 478 2133 vesse,
498 2102 566 2139 per
584 2088 681 2126 mihi
700 2095 853 2139 gratum
881 2087 964 2133 erit,
985 2085 1016 2124 si
1036 2085 1077 2122 id
1095 2083 1237 2123 curaris
1255 2081 1304 2120 ad
1321 2093 1385 2119 me

220 2179 224 2182 .
275 2141 554 2191 perferendum.

329 2194 438 2241 Quid
457 2202 512 2233 est
529 2197 741 2246 praeterea?
772 2194 884 2233 Nihil
903 2205 1004 2241 sane,
1030 2191 1103 2230 nisi
1123 2189 1220 2229 illud
1238 2204 1248 2228 :
1278 2187 1388 2227 valde
