1513 2382
206 100 283 138 294
419 99 501 137 AD
521 98 803 138 ATTICUM.
833 99 932 137 1113.
953 99 1004 138 V.
1032 99 1096 136 21.

205 205 289 243 lum
310 212 579 255 ακροτελευτιον
596 207 712 245 habet
733 206 801 244 illa
827 213 894 244 tua
920 204 1090 256 epistola,
1110 216 1228 256 quam
1245 202 1312 242 de-

205 258 294 297 disti
313 271 497 298 nauseans
515 260 730 298 Buthroto:
760 262 791 283 “
811 258 919 307 Tibi,
937 266 983 296 ut
1000 258 1109 296 video
1127 267 1165 296 et
1189 269 1311 309 spero,

207 313 315 350 nulla
350 312 399 350 ad
434 312 692 351 decedendum
729 313 799 351 erit
828 312 979 351 mora.''
1019 311 1197 359 Mallem,
1227 312 1255 333 “
1270 317 1315 348 ut

207 365 357 403 video:'
361 366 495 404 ’nihil
531 379 626 417 opus
653 367 742 413 fuit,
773 369 801 389 “
820 374 866 404 ut
889 378 1008 418 spero.
1012 366 1038 383 '⁹
1079 365 1314 416 Acceperam

207 426 336 457 autem
350 419 438 457 satis
453 421 619 458 celeriter
639 419 757 458 Iconii
774 433 841 471 per
857 419 1148 472 publicanorum
1161 418 1319 456 tabella-

208 472 283 510 rios
297 486 321 510 a
335 473 491 511 Lentuli
510 473 705 524 triumpho
723 474 841 511 datas.
871 474 920 511 In
937 472 997 510 his
1014 479 1065 515 γ)
1054 486 1250 520 υκυπικρον
1269 471 1316 508 il-

209 525 278 563 lud
296 526 508 574 confirmas,
520 539 669 564 moram
682 527 779 564 mihi
797 527 945 564 nullam
962 525 1068 564 fore.
1097 524 1233 563 deinde
1251 524 1319 562 ad-

209 578 280 626 dis,
307 579 339 616 si
358 579 451 630 quid
470 593 588 627 588115,
608 587 645 618 te
663 580 713 618 ad
729 593 793 618 me
823 579 944 630 [fore]
975 586 1191 617 venturum.
1231 579 1315 616 An-

210 640 307 683 gunt
324 646 387 671 me
405 633 659 672 dubitationes
677 642 777 672 tuae:
813 633 928 672 simul
949 641 987 671 et
1004 632 1123 680 vides,
1143 644 1238 692 quas
1255 644 1317 669 38-

211 686 374 737 ceperim
406 686 543 724 literas.
591 687 712 734 Nam,
746 700 842 738 quas
874 686 1064 724 Hermoni
1091 684 1318 724 centurionis

215 738 391 778 Camulae
412 738 531 791 [ipse]
553 741 680 779 scribis
700 748 736 779 te
750 741 909 787 dedisse,
929 752 1006 778 non
1024 738 1162 790 accepi.
1201 737 1318 776 Lenii

211 792 339 844 pueris
354 800 390 830 te
408 793 565 841 dedisse,
587 807 686 846 saepe
699 794 748 832 ad
766 807 829 832 me
847 794 1054 843 scripseras.
1083 793 1162 830 Eas
1176 791 1319 830 Laodi-

212 859 287 884 ceae
305 846 482 897 denique,
503 860 592 885 811111
607 861 652 886 80
670 848 870 895 venissem,
892 846 960 884 111
979 846 1040 885 Id.
1068 846 1181 884 Febr.
1202 844 1321 883 Leni-

212 913 258 938 us
271 899 369 937 mihi
387 900 563 947 reddidit,
583 901 689 940 datas
707 915 741 939 a.
754 901 791 939 d.
812 901 853 939 X
870 900 954 940 Cal.
974 900 1170 939 Octobres.
1199 898 1322 937 Lenio

212 960 296 991 tuas
311 929 653 994 commendationes
671 962 709 993 et
728 955 855 993 statim
865 955 1003 1003 verbis,
1021 953 1214 1005 etreliquo
1225 959 1322 990 tem-

212 1020 303 1058 pore
321 1020 360 1045 re
377 1009 556 1058 probabo.
587 1009 664 1046 Hae
680 1008 799 1047 literae
813 1016 945 1047 caetera
966 1015 1091 1046 vetera
1113 1007 1319 1052 habebant,

211 1073 335 1098 unum
353 1061 424 1099 hoc
454 1073 612 1109 novum,
632 1062 679 1100 de
701 1061 892 1113 Cybiratis
908 1061 1114 1113 pantheris.
1142 1059 1320 1098 Multum

212 1122 249 1152 te
260 1127 361 1162 amo,
375 1114 478 1165 quod
491 1116 717 1166 respondisti
735 1116 797 1153 M.
819 1115 994 1163 Octavio,
1014 1122 1052 1153 te
1067 1126 1144 1152 non
1160 1121 1318 1165 putare:

212 1168 278 1206 sed
296 1168 451 1219 posthac
469 1169 609 1214 omnia,
641 1183 727 1220 quae
753 1176 853 1208 certa
885 1181 963 1207 non
987 1174 1111 1216 erunt,
1135 1179 1204 1218 pro
1222 1173 1323 1204 certo

213 1230 372 1272 negato.
404 1234 471 1259 nos
501 1223 617 1270 enim,
650 1230 687 1260 et
719 1222 846 1260 nostra
873 1229 1005 1274 sponte
1025 1224 1121 1260 bene
1148 1219 1264 1267 firmi,
1285 1226 1322 1258 et

211 1274 463 1324 (mehercule)
481 1276 702 1314 auctoritate
716 1275 781 1314 tuzi
798 1275 1040 1321 inflammati,
1060 1273 1220 1311 vicimus
1237 1285 1321 1311 om-

210 1340 278 1366 nes
297 1328 384 1371 (hoc
402 1336 445 1366 tu
469 1329 523 1366 ita
540 1329 699 1380 reperies
683 1337 716 1376 5)
737 1342 824 1367 811111
844 1325 1082 1375 abstinentia,
1111 1334 1195 1364 tum
1211 1327 1323 1376 justi-

211 1381 279 1442 tia,
306 1381 499 1431 facilitate,
525 1383 737 1420 clementia..
768 1380 872 1420 Cave
889 1389 1000 1433 putes
1024 1380 1236 1432 quidquam
1254 1380 1324 1418 ho-

211 1435 333 1473 mines
355 1436 477 1486 magis
513 1448 686 1486 unquam
716 1449 794 1474 esse
817 1435 987 1496 miratos,
1021 1446 1139 1485 quam
1169 1434 1323 1471 nullum

212 1488 440 1549 teruncium,
460 1501 522 1526 me
541 1489 733 1526 obtinente
750 1488 998 1539 provinciam,
1014 1489 1161 1525 sumtus
1179 1487 1324 1525 factum

212 1555 304 1589 esse,
325 1554 393 1580 nec
411 1542 451 1579 in
477 1554 558 1580 rem
576 1542 784 1592 publicam,
808 1554 877 1579 nec
897 1542 937 1578 in
960 1553 1196 1592 quemquam
1219 1553 1324 1579 meo-

211 1608 314 1643 rum,
334 1603 587 1646 praeterquam
606 1595 646 1632 in
669 1595 717 1633 L.
738 1595 915 1633 Tullium
933 1595 1115 1655 legatum.
1146 1593 1199 1641 Is,
1215 1602 1324 1632 83318-

212 1649 323 1700 roqui
342 1649 545 1696 abstinens,
568 1649 655 1700 (sed
672 1649 701 1687 J
703 1648 781 1687 uha
798 1649 881 1699 lege
899 1648 1114 1694 transitans,
1134 1648 1252 1686 semel
1265 1655 1325 1685 ta»

212 1715 301 1740 men
326 1703 367 1740 in
386 1703 503 1750 diem,
529 1715 622 1748 non,
648 1709 693 1740 ut
716 1703 782 1740 alii
802 1703 986 1751 solebant,
1006 1701 1185 1740 omnibus
1208 1699 1319 1750 vic‘is)

211 1756 302 1795 facit
320 1762 363 1793 ut
381 1756 478 1794 mihi
503 1755 746 1807 excipiendus
775 1756 836 1804 sit,
867 1768 956 1794 cum
985 1755 1200 1793 teruncium
1224 1767 1322 1805 nego

211 1812 360 1847 sumtus
377 1809 535 1848 factum.
578 1810 721 1848 Praeter
745 1822 849 1857 eum,
876 1809 1018 1861 accepit
1041 1821 1167 1848 nem0.
1195 1808 1281 1847 Has
1298 1821 1322 1846 a

210 1870 338 1902 nostro
352 1863 402 1911 Q.
424 1863 569 1901 Titinio
588 1863 713 1902 sordes
730 1863 956 1914 accepimus.

265 1917 367 1967 Ego,
397 1917 534 1956 aestivis
553 1917 743 1964 confectis,
763 1916 959 1964 Quintum
982 1915 1139 1954 fratrem
1157 1915 1326 1954 hibernis

213 1977 250 2008 et
271 1969 416 2009 Cificiae
438 1970 613 2022 praefeci:
644 1970 696 2018 Q.
717 1970 939 2016 Volusium,
966 1970 1024 2009 tui
1047 1969 1192 2008 Tiberii
1210 1981 1326 2020 gene-

209 2036 313 2070 rum,
334 2033 478 2062 eertum
497 2024 708 2071 hominem,
728 2024 792 2062 sed
817 2024 975 2062 mirifice
993 2023 1108 2061 etiam
1133 2022 1325 2060 abstinen-

210 2085 303 2136 tem,
323 2078 410 2115 misi
428 2078 468 2115 in
491 2076 679 2128 Cyprum,
700 2086 745 2116 ut
761 2077 815 2115 ibi
833 2077 1015 2129 pauculos
1033 2076 1111 2114 dies
1130 2083 1249 2121 esset;
1273 2088 1323 2114 ne

210 2130 307 2169 cives
327 2131 494 2169 Romani
525 2132 651 2182 pauci,
686 2131 754 2183 qui
777 2131 856 2169 11118
878 2131 1134 2182 negotiantur,
1157 2130 1221 2178 jus
1250 2129 1321 2167 sibi

209 2184 353 2224 dictum
367 2192 572 2237 negarent:
587 2197 684 2224 nam
704 2184 848 2225 evocari
864 2198 910 2225 ex
923 2183 1050 2223 insula
1069 2182 1232 2235 cyprios
1242 2195 1320 2223 non
