1513 2382
233 89 313 126 204
436 87 519 125 AD
547 87 831 126 ATTICUM.
863 86 963 125 LIB.
995 85 1054 125 II.
1084 87 1149 125 21.

237 195 420 246 populare
448 206 552 234 nunc
579 194 676 232 nihil
694 201 773 232 tam
792 202 862 242 est,
891 207 1009 246 quam
1034 193 1166 232 odium
1188 194 1349 246 popula-

239 260 355 286 rlum.

293 301 390 339 Haec
408 315 485 353 quo
513 301 587 339 sint
606 308 801 352 eruptura,
829 302 970 347 timeo;
1000 301 1080 347 sed,
1110 301 1142 339 si
1169 300 1351 352 dispicere

238 354 332 406 quid
350 368 507 406 coepero,
529 355 687 393 scribam
705 355 753 392 ad
772 364 808 394 te
827 355 1005 406 apertius.
1033 354 1110 400 Tu,
1125 354 1231 392 sime
1245 367 1350 392 amas

238 415 403 456 tantum,
425 416 613 460 quantum
638 408 804 459 profecto
829 421 959 455 amas3
990 408 1201 459 expeditus,
1221 408 1348 454 facito,

237 468 282 499 ut
300 462 373 507 sis3
403 462 434 499 si
453 460 672 508 inclamaro,
693 469 737 499 ut
754 474 935 500 accurras.
973 462 1049 501 Sed
1072 461 1121 499 do
1140 473 1294 512 operam
1313 468 1351 500 et

235 514 349 561 dabo,
369 527 417 553 ne
436 515 484 553 sit
502 528 662 553 necesse.

290 568 407 615 Quod
437 569 671 619 scripseram,
705 575 742 606 te
773 568 938 606 Furium
967 568 1195 619 scripturum
1212 581 1225 613 ς
1254 567 1352 605 nihil

238 633 387 659 necesse
407 631 461 659 est
476 629 587 659 tuum
599 634 738 659 nomen
752 629 922 660 mutare:
943 634 1006 659 me
1020 621 1158 659 faciam
1169 621 1351 669 Laelium,

241 682 278 712 et
297 682 333 712 te
350 675 554 719 Atticum3
584 687 708 725 neque
726 682 812 712 utar
829 687 915 712 meo
937 674 1200 725 chirographO,
1229 686 1354 725 neque

239 728 347 778 signo
363 742 375 773 ;
407 728 439 766 si
455 728 569 765 modo
588 735 699 765 erunt
716 728 904 777 ejusmodi
919 727 1052 776 literae,
1078 739 1173 779 quas
1197 726 1239 765 in
1262 727 1355 766 alie-

242 793 337 819 num
355 781 518 819 incidere
536 781 668 819 nolim.

296 834 487 872 Diodotus
504 842 678 873 mortuus
701 841 775 872 est:
805 835 958 886 reliquit
976 833 1084 872 nobis
1112 834 1183 872 HS
1202 833 1358 873 fortasse

243 887 393 926 centies.
436 888 601 926 Comitia
619 889 786 926 Bibulus
809 902 897 927 cum
915 887 1160 926 Archilochio
1178 887 1299 925 edicto
1316 888 1358 926 in

243 948 331 979 ante
349 941 452 979 diem
467 941 549 979 XV
564 941 646 979 Cal.
665 942 704 979 N
707 944 855 980 ovemb.
871 942 1032 980 distulit.
1060 941 1101 978 A
1114 940 1230 979 Vibio
1241 940 1358 980 libros

245 994 383 1045 accepi.
425 996 545 1033 Poe'ta
563 995 737 1045 ineptus:
768 1008 838 1033 nec
862 1003 993 1033 tamen
1011 994 1081 1034 scit
1097 994 1218 1033 nihil:
1248 1001 1286 1033 et
1303 1002 1360 1034 aet

246 1059 323 1086 non
342 1048 502 1087 inutilis.
532 1048 732 1098 Describe,
753 1056 791 1087 et
808 1049 972 1087 remitto.

464 1211 577 1259 (21.)
613 1210 824 1251 CICERO
852 1209 1073 1250 ATTICO
1101 1211 1141 1250 S.

301 1317 366 1356 De
384 1318 577 1369 republica
595 1319 688 1370 quid
707 1330 776 1369 ego
791 1317 860 1356 tibi
879 1317 1066 1356 subtiliter
1079 1320 1097 1357 ‚⁹
1126 1323 1205 1356 tota
1221 1318 1333 1369 periit
1347 1333 1359 1357 t

248 1378 363 1422 atque
381 1372 453 1410 hoc
471 1379 526 1409 est
553 1373 738 1420 miserior,
770 1385 889 1423 quam
916 1371 1115 1423 reliquisti,
1142 1372 1246 1423 quod
1275 1379 1361 1411 tum

247 1425 445 1463 videbatur
474 1426 661 1474 ejusmodi
685 1425 893 1463 dominatio
911 1425 1100 1463 civitatem
1119 1425 1360 1476 oppressisse,

248 1491 336 1529 quae
350 1479 522 1527 jucunda
540 1487 634 1518 esset
651 1479 905 1525 multitudini,
923 1479 1032 1517 bonis
1060 1486 1189 1516 autem
1206 1478 1261 1517 ita
1278 1492 1363 1517 mo-

249 1532 358 1578 lesta,
379 1540 423 1570 ut
442 1540 571 1570 tamen
591 1533 670 1571 sine
687 1533 876 1584 pernicie:
906 1545 1009 1570 nunc
1026 1539 1180 1583 repente
1198 1539 1304 1571 tanto
1321 1533 1363 1571 in

248 1585 335 1623 odio
354 1592 409 1623 est
427 1587 618 1634 omnibus,
646 1594 704 1633 ut,
731 1598 913 1637 quorsum
933 1593 1114 1637 eruptura
1132 1586 1193 1633 sit,
1212 1586 1363 1624 horrea-

248 1651 347 1676 mus.
390 1639 433 1678 N
435 1652 498 1677 am
525 1639 760 1678 iracundiam
787 1646 902 1690 atque
925 1639 1257 1690 intemperantiam
1279 1640 1364 1677 illo-

249 1704 338 1729 rum
371 1705 504 1731 sumus
522 1693 682 1744 experti,
713 1693 795 1744 qui,
816 1693 953 1731 Catoni
971 1692 1070 1740 irati,
1090 1692 1220 1731 omnia
1236 1693 1364 1744 perdi-

249 1744 399 1783 derunt.
428 1747 504 1784 Sed
531 1746 585 1784 ita
612 1748 762 1785 lenibus
788 1747 844 1784 uti
870 1746 1096 1784 videbantur
1120 1746 1286 1794 venenis,
1318 1753 1362 1784 ut

249 1811 358 1848 posse
369 1799 583 1838 videremur
597 1800 678 1839 sine
696 1800 824 1838 dolore
834 1799 997 1838 interire.
1026 1800 1069 1838 N
1071 1812 1146 1838 unc
1159 1812 1261 1847 vero,
1275 1799 1366 1838 sibi-

250 1852 297 1890 lis
326 1853 447 1903 vulgi,
477 1854 715 1892 sermonibus
743 1854 1003 1901 honestorum,
1036 1852 1193 1892 fremitu
1226 1853 1364 1901 Italiae,

252 1917 380 1943 vereor
398 1919 446 1943 ne
465 1908 682 1945 exarserint.

304 1959 499 2010 Equidem
530 1963 742 2011 sperabam,
773 1964 834 2005 (ut
865 1973 964 2012 saepe
982 1960 1097 1999 etiam
1114 1959 1221 2011 loqui
1240 1966 1366 1999 tecum

252 2011 437 2071 solebam)
471 2013 523 2052 sic
547 2016 679 2053 orbem
705 2014 922 2076 reipublicae
954 2027 1031 2053 esse
1060 2025 1296 2060 conversum,
1323 2022 1368 2053 ut

252 2064 318 2102 vix
344 2066 512 2104 sonitum
534 2068 739 2115 audire,vl
701 2081 767 2107 le
793 2068 1016 2129 impressam
1045 2066 1222 2127 orbitam,
1242 2066 1369 2106 videre

253 2129 477 2167 possemus·
508 2128 544 2158 et
562 2121 694 2162 fuisset
711 2122 778 2170 ita,
799 2122 828 2161 si
848 2121 1021 2161 homines
1043 2120 1244 2160 transitum
1270 2127 1372 2159 tem-
