1513 2382
239 112 320 149 244
450 112 533 151 AD
560 113 851 154 ATTICUM.
880 113 980 153 Lm.
1012 113 1087 153 1V.
1116 114 1155 151 2.

238 230 368 265 mere;
397 232 522 272 neque
554 221 588 259 ei
619 221 706 261 finis
737 229 793 261 est
820 222 966 261 factusz
996 220 1062 260 sed
1090 227 1235 267 tamen,
1264 227 1355 256 cum

238 271 350 311 horas
379 281 453 312 tres
478 274 555 313 fere
580 275 749 325 dixisset,
775 276 863 315 odio
882 284 919 315 et
945 274 1105 326 strepitu
1123 273 1275 311 senatus
1292 282 1355 309 co-

238 334 345 364 actus
373 335 430 365 est
458 328 664 380 aliquando
695 343 879 380 perorare.
917 330 1019 368 Cum
1049 328 1156 366 fieret
1184 326 1357 364 senatus-

239 381 456 419 consultum
474 381 514 419 in
534 383 760 421 sententiam
786 382 1030 428 Marcellini3
1059 380 1239 420 omnibus
1256 390 1355 430 prae-

242 439 297 470 ter
316 446 439 472 unum
458 436 762 484 assentientibus,
783 438 966 476 Serranus
984 433 1202 474 intercessit.

292 486 356 525 De
373 488 635 528 intercessione
654 491 781 528 statim
801 492 915 529 ambo
937 489 1108 529 consules
1127 487 1264 526 referre
1282 497 1356 523 οω-

239 549 389 591 perunt.
421 541 522 580 Cum
536 544 729 581 sententiae
741 544 974 594 gravissimae
981 543 1198 581 dicerentur
1213 554 1224 578 ι
1257 541 1285 561 “
1299 551 1357 598 ses

240 594 350 631 natui
368 595 528 646 placere,
548 597 646 634 mihi
660 597 820 635 domum
838 597 998 644 restitui,
1018 596 1208 647 porticum
1227 592 1359 652 Catuli

240 648 368 694 locari,
390 650 652 688 auctoritatem
678 651 820 689 ordinis
846 653 894 689 ab
924 650 1102 689 omnibus
1126 647 1358 707 magistrati-

240 702 313 739 bus
332 702 509 748 defendi3
541 703 572 741 si
591 718 678 756 quae
707 705 764 742 vis
783 711 879 743 esset
900 704 1014 753 facta,
1034 709 1209 741 senatum
1229 706 1358 738 existl-

239 763 450 802 maturum,
483 758 564 806 ejus
590 758 705 809 opera
726 758 871 796 factum
895 771 988 805 esse,
1009 757 1078 809 qui
1096 756 1356 813 senatus-con-

239 809 340 846 sulto
358 809 623 849 intercessisset
638 812 680 857 ;’'
711 813 895 850 Serranus
913 809 1136 863 pertimuit3
1167 815 1204 847 et
1225 806 1362 872 Cornif

239 862 347 900 cinus
366 863 415 900 ad
434 877 544 902 suam
556 872 722 903 veterem
734 866 907 903 fabulam
925 865 1060 903 rediit:
1091 863 1238 912 abjecta
1252 868 1356 911 toga,

239 928 279 953 se
308 916 357 954 ad
385 918 514 967 generi
533 918 647 969 pedes
669 919 817 969 abjecit.
849 919 922 957 Ille
946 925 1096 957 noctem
1125 915 1198 955 sibi
1226 921 1360 966 postu-

241 969 335 1007 lavit
351 984 361 1007 ε
392 983 469 1009 non
489 972 743 1011 concedebant
759 987 769 1011 :
799 972 1139 1011 reminiscebantur
1153 968 1256 1007 enim
1275 967 1362 1007 cal.

240 1022 270 1060 J
273 1036 404 1061 anuar.
427 1025 508 1063 Vix
523 1034 651 1064 tamen
670 1027 717 1065 de
735 1027 823 1064 mea
841 1027 1036 1065 voluntate
1051 1035 1266 1063 concessum
1289 1027 1358 1059 est.

294 1077 482 1116 Postridie
511 1081 899 1119 senatus-consultum
926 1080 1071 1118 factum
1096 1085 1152 1116 est
1174 1076 1230 1124 id,
1256 1073 1360 1135 quod

241 1130 291 1168 ad
311 1138 348 1169 te
366 1132 465 1170 misi.
495 1133 648 1172 Deinde
678 1135 850 1172 consules
873 1134 1065 1185 porticum
1091 1130 1225 1170 Catuli.
1250 1135 1359 1167 resti-

240 1184 424 1223 tuendam
453 1185 640 1225 locarunt.
670 1188 786 1225 Illam
817 1188 1007 1238 porticum
1038 1185 1265 1224 redemtores
1283 1189 1361 1220 sta-

241 1237 312 1275 tim
332 1245 421 1276 sunt
439 1239 624 1288 demoliti,
644 1240 903 1279 libentissimis
923 1240 1113 1279 omnibus.
1147 1237 1271 1277 Nobis
1297 1249 1362 1296 su-

240 1291 434 1342 perficiem
460 1293 601 1331 aedium
631 1295 803 1333 consules
822 1295 869 1332 de
887 1294 1033 1332 consilii
1058 1291 1244 1331 sententia
1262 1297 1362 1328 aest1-

242 1345 400 1383 mar-unt
419 1346 491 1385 HS
511 1347 624 1385 vicies
640 1361 652 1393 ;
684 1355 818 1386 caetera
836 1348 946 1386 valde
964 1345 1198 1385 illiberaliter
1214 1358 1225 1382 t
1256 1343 1361 1381 Tus-

242 1399 419 1437 culanam
454 1401 586 1438 villam
623 1401 842 1452 quingentis
871 1401 1070 1446 millibus;
1108 1399 1140 1437 F
1143 1397 1362 1457 ormianurn

243 1452 315 1490 HS
334 1452 506 1492 ducentis
525 1454 806 1506 quinquaginta
822 1455 995 1493 millibus
1015 1468 1026 1492 z
1057 1466 1144 1505 quae
1162 1452 1361 1512 aestimatlo

242 1518 319 1543 non
337 1506 452 1545 modo
470 1507 712 1547 vehementer
730 1510 779 1546 ab
807 1509 952 1560 optimo
972 1519 1141 1560 quoque,
1161 1504 1227 1544 sed
1245 1511 1361 1542 etiam

242 1572 266 1597 a
283 1560 408 1610 plebe,
429 1561 730 1612 reprehenditur.
1331 1610 1341 1618 ⁶

297 1613 427 1661 Dices,
462 1615 572 1662 Quid
592 1615 711 1667 igitur
731 1629 854 1655 causae
881 1615 989 1654 fuit?
1018 1614 1166 1653 Dicunt
1189 1611 1247 1650 illi
1275 1623 1362 1663 qm-

243 1666 347 1714 dem,
368 1667 556 1718 pudorem
574 1682 732 1715 meum3
762 1669 867 1721 quod
885 1682 1010 1721 neque
1027 1667 1216 1718 negarim,
1235 1677 1361 1715 neque

243 1720 508 1760 vehementius
537 1723 788 1774 postularim:
819 1723 886 1761 sed
908 1736 986 1761 non
1005 1730 1061 1761 est
1077 1721 1144 1759 id:
1174 1732 1266 1757 nam
1290 1719 1364 1756 hoc

244 1774 403 1825 quidem
422 1775 536 1813 etiam
555 1777 769 1827 profuisset.
797 1777 945 1815 Verum
960 1776 1093 1823 iidem,
1105 1774 1162 1812 mi
1175 1773 1226 1811 T.
1244 1773 1363 1810 Pom-

243 1828 350 1877 poni,
370 1828 487 1867 iidem
509 1829 706 1881 (inquam)
738 1830 810 1878 illi,
830 1844 926 1882 quos
950 1843 998 1868 ne
1018 1836 1061 1867 tu
1081 1827 1237 1879 quidem
1255 1826 1365 1877 igno-

243 1893 318 1927 ras,
346 1882 413 1932 qui
443 1883 541 1920 mihi
567 1884 703 1935 pinnas
730 1883 955 1930 inciderant,
975 1883 1112 1921 nolunt
1134 1879 1286 1919 easdem
1304 1891 1366 1916 re-

243 1935 358 1972 nasci·
388 1936 478 1984 Sed,
499 1944 543 1974 ut
562 1950 683 1988 spero,
701 1938 784 1987 jam
802 1944 1062 1975 renascuntur.
1094 1935 1159 1972 Tu
1178 1933 1294 1971 modo
1312 1931 1362 1969 ad

242 1998 310 2025 nos
329 1989 441 2034 veni3
472 1990 576 2041 quod
595 2004 723 2029 vereor
734 2004 783 2029 ne
800 1991 959 2039 tardius,
978 1991 1197 2028 interventu
1217 1986 1363 2025 Varro-

242 2040 302 2077 nis
321 2042 379 2079 tui
398 2044 607 2096 nostrique,
627 2045 756 2083 facias.
1341 2090 1357 2104 Α

293 2093 507 2144 Quoniam,
527 2105 612 2136 acta
630 2111 718 2150 quae
736 2098 825 2147 sint,
846 2099 977 2145 habes,
997 2097 1046 2135 de
1063 2093 1213 2146 reliqua
1230 2099 1362 2154 nostra

239 2147 465 2197 cogitatione
484 2163 677 2201 cognosce.
707 2152 794 2203 Ego
812 2165 875 2190 me
904 2165 927 2189 a
956 2149 1140 2200 Pompeio
1170 2149 1289 2199 legar-1
1307 2153 1362 2184 lta

239 2213 324 2239 sum
344 2214 491 2252 passus,
523 2211 566 2241 ut
585 2205 692 2243 nulla
718 2219 758 2244 re
775 2204 993 2256 impedirer,
1023 2203 1131 2255 quin,
1152 2202 1185 2241 si
1206 2200 1357 2245 vellem,
