1513 2382
318 98 401 139 AD
420 97 708 138 ATTICUM.
739 98 839 136 Lm.
860 95 895 136 1.
918 97 981 136 10.
1147 95 1223 139 147

101 207 198 246 mihi
215 209 283 247 abs
301 215 339 246 te
357 208 515 247 allatam
533 207 664 254 dedit;
694 206 976 258 nuntiavitque,
997 217 1041 244 eo
1060 203 1143 255 ipso
1161 204 1222 242 die

100 269 185 313 post
203 262 402 301 meridiem
419 263 581 309 iturum,
602 262 669 314 qui
695 261 744 299 ad
762 269 799 299 te
817 260 1125 312 proficisceretur.
1161 258 1223 296 Eo

100 316 246 354 factum
265 324 334 365 est,
350 324 395 355 ut
413 317 582 368 epistolae
595 323 674 354 tuae
691 316 934 354 rescriberem
948 312 1116 365 aliquid;
1136 313 1221 350 bre-

100 370 215 408 vitate
233 371 414 422 temporis
431 379 513 409 tam
530 383 655 422 pauca
667 383 819 421 cogerer
837 369 1010 407 scribere.

152 424 347 473 Primum,
362 425 433 463 tibi
451 425 499 464 de
517 432 644 463 nostro
662 424 785 463 amico
803 423 1004 475 placando,
1025 428 1092 459 aut
1106 421 1221 460 etiam

96 478 211 529 plane
242 479 491 527 restituendo,
529 479 736 531 polliceor:
778 478 883 530 quod
919 490 989 528 ego
1026 476 1097 514 etsi
1133 488 1221 513 mea

97 540 231 583 sponte
249 541 337 572 ante
355 533 557 581 faciebam,
589 546 632 572 eo
651 545 754 571 nunc
780 540 910 570 tamen
939 540 976 570 et
1002 543 1115 581 agam
1141 538 1221 568 stu-

96 586 252 634 diosius,
269 596 307 626 et
321 587 548 639 contendam
567 589 615 626 ab
634 587 701 625 illo
716 585 992 634 vehementius,
1014 584 1118 637 quod
1137 592 1222 622 tan-

97 648 177 679 tam
195 655 244 679 ex
263 642 423 693 epistola
441 642 679 680 voluntatem
698 642 781 691 ejus
806 641 861 680 rei
882 648 991 679 tuam
1009 638 1222 690 perspicere

96 695 238 734 videor.
268 696 357 735 Hoc
374 704 412 735 te
430 696 640 747 intelligere
652 695 752 743 volo,
767 694 999 747 pergraviter
1012 693 1124 731 illum
1142 704 1222 730 esse

95 748 284 789 offensum
301 766 311 789 ε
343 751 422 798 sed,
453 750 545 802 quia
574 750 723 788 nullam
750 750 859 788 video
884 761 1040 801 gravem
1069 748 1222 785 subesse

96 816 266 851 causam,
286 817 517 856 magnopere
535 804 684 843 confido
702 804 816 842 11111111
830 803 910 842 fore
924 803 965 841 in
978 800 1114 851 officio,
1129 808 1166 839 et
1180 800 1222 838 in

97 859 227 896 nostra
244 866 442 910 potestate.

150 912 270 963 Signa
298 921 441 962 nostra,
472 919 510 951 et
542 912 826 960 Hermeraclas,
861 913 926 964 (ut
955 908 1103 960 scribis)
1131 921 1221 948 cum

96 967 403 1006 commodissime
432 967 588 1019 poteris,
622 967 739 1006 velim
772 967 964 1028 imponas,
998 972 1035 1003 et
1061 965 1093 1002 si
1126 963 1221 1015 quid

96 1020 203 1058 aliud
223 1035 343 1058 οικειον
363 1022 445 1070 ejus
463 1021 550 1069 loci,
571 1033 689 1072 quem
708 1033 786 1059 non
804 1021 971 1082 ignoraS,
988 1018 1162 1070 reperies,
1184 1025 1222 1056 et

96 1075 282 1123 maxime,
303 1089 391 1127 quae
413 1076 484 1114 tibi
498 1076 685 1126 palaestrae
703 1075 971 1126 gymnasiique
990 1073 1222 1111 videbuntur

97 1141 188 1167 esse.
216 1128 391 1179 Etenim,
419 1130 475 1168 ibi
499 1129 647 1177 sedens,
673 1129 755 1167 haec
773 1129 823 1167 ad
841 1137 879 1167 te
908 1127 1146 1172 scribebam;
1176 1133 1221 1163 ut

97 1195 159 1221 me
179 1183 285 1221 locus
303 1183 384 1235 ipse
403 1184 636 1222 admoneret„
677 1183 867 1221 Praeterea
891 1190 1001 1234 typos
1020 1181 1091 1219 tibi
1107 1193 1220 1218 manu

95 1237 159 1284 do,
180 1250 276 1289 quos
294 1238 334 1275 in
353 1238 508 1277 tectorio
526 1237 650 1276 atrioli
668 1237 811 1290 possim
829 1236 1038 1284 includere,
1054 1243 1092 1274 et
1110 1243 1222 1287 pute-

93 1291 170 1330 alia
184 1292 349 1343 sigillata
366 1292 457 1332 duo.

150 1346 435 1386 Bibliothecam
466 1355 576 1386 tuam
615 1360 706 1386 cave
749 1346 931 1398 cuiquam
971 1343 1219 1396 despondeas,

97 1413 273 1452 quamws
292 1414 418 1440 acrem
432 1410 643 1440 amatorem
661 1401 873 1440 inveneris:
903 1412 994 1438 nam
1008 1412 1079 1450 ego
1090 1411 1222 1437 omnes

97 1467 201 1493 meas
221 1455 470 1494 vindemiolas
488 1469 533 1494 eo
558 1468 720 1505 reservo,
746 1463 791 1494 ut
814 1454 913 1492 illud
931 1453 1146 1492 subsidium
1165 1465 1222 1491 se-

97 1509 241 1548 nectuti
259 1523 404 1561 parem.

154 1562 216 1602 De
234 1563 364 1611 fratre,
384 1564 534 1603 confido
552 1564 607 1603 ita
625 1577 718 1613 esse,
738 1570 784 1602 ut
802 1576 951 1615 semper
969 1561 1074 1600 volui
1093 1568 1130 1600 et
1144 1561 1220 1599 ela-

99 1617 242 1656 boravi.
271 1618 405 1658 Multa
432 1619 541 1670 signa
565 1627 655 1658 sunt
673 1620 757 1669 ejus
781 1618 860 1664 rei;
895 1629 973 1656 non
994 1615 1219 1663 minimum,

99 1671 204 1723 quod
223 1685 326 1711 soror
344 1686 547 1734 praegnans
564 1680 632 1712 est.

155 1725 221 1764 De
240 1727 402 1765 comitiis
419 1728 515 1766 meis
536 1735 572 1766 et
591 1727 661 1766 tibi
675 1740 739 1766 me
756 1725 971 1779 permisisse
990 1724 1166 1770 memini,
1186 1732 1223 1762 et

102 1793 172 1831 ego
199 1781 431 1832 jampridem
456 1782 528 1820 hoc
549 1782 820 1820 communibus
839 1780 984 1827 amicis,
1014 1779 1082 1830 qui
1100 1788 1137 1817 te
1156 1792 1222 1817 ex-

103 1842 288 1885 spectant,
319 1835 511 1887 praedico,
541 1844 579 1874 te
597 1849 676 1874 non
694 1836 810 1874 modo
837 1847 914 1872 non
937 1834 1073 1872 arcessi
1097 1847 1121 1872 a
1143 1846 1222 1882 me,

102 1888 168 1926 sed
185 1889 402 1940 prohiberi3
428 1890 534 1942 quod
551 1890 780 1941 intelligam,
806 1889 930 1927 multo
957 1888 1081 1939 magis
1106 1888 1224 1926 inter-

101 1956 180 1981 esse
204 1943 287 1992 tua,
318 1951 356 1982 te
381 1958 492 1995 agere
522 1944 626 1996 quod
654 1944 848 2006 agendum
871 1950 926 1981 est
947 1941 1019 1981 hoc
1037 1950 1222 2003 tempore,

100 2010 219 2047 quam
237 2010 339 2046 mea,
359 2005 397 2036 te
415 1999 544 2037 adesse
566 1998 741 2037 comitiis.
771 1997 939 2036 Proinde
968 2009 1013 2035 eo
1036 1996 1165 2035 animo
1187 2004 1225 2034 te

99 2051 216 2090 velim
235 2065 328 2100 esse,
348 2053 458 2104 quasi
467 2052 545 2091 mei
557 2052 701 2104 negotii
713 2066 826 2091 causa
845 2051 887 2089 in
904 2051 976 2090 ista
989 2050 1072 2089 loca
1086 2051 1227 2089 missus

102 2118 211 2143 esses.
249 2106 322 2145 Me
339 2115 469 2146 autem
488 2120 579 2145 eum
597 2114 636 2145 et
652 2106 820 2145 offendes
839 2118 929 2157 erga
947 2112 998 2153 te,
1020 2112 1062 2144 et
1076 2105 1222 2153 audies,

98 2159 211 2210 quasi
219 2160 332 2211 mihi,
345 2160 378 2200 si
396 2174 476 2214 qua
492 2168 603 2214 parta
614 2167 740 2210 erunt,
755 2173 834 2200 non
848 2159 964 2199 modo
978 2167 1016 2198 te
1027 2167 1226 2211 praesente,
