1513 2382
257 69 331 106 162
395 42 397 44 ’
467 66 550 104 AD
578 63 864 103 ATTICUM.
893 63 994 102 Lm.
1018 63 1052 101 1.
1085 64 1146 109 17.

253 188 316 222 ne,
331 173 503 212 Lucullis
517 173 699 224 quoniam
713 173 890 211 Graecum
909 175 1048 223 poe’ma
1064 169 1245 220 condidit,
1257 182 1360 211 nunc

254 228 303 266 ad
324 226 568 266 Caecilianam
586 226 759 264 fabulam
778 232 929 277 spectet.

304 280 492 327 Antonio,
520 287 585 317 tuo
610 279 776 325 nomine,
807 279 946 330 gratias
975 278 1063 330 egi3
1093 290 1254 330 eamque
1278 278 1359 330 epi-

252 335 391 373 stolam
410 333 561 371 Manlio
579 333 677 370 dedi.
708 333 776 370 Ad
798 341 835 370 te
853 332 937 370 ideo
950 340 1061 370 antea
1078 332 1198 370 rarius
1216 331 1360 383 scripsi,

253 388 357 439 quod
374 399 450 425 non
469 387 658 425 habebam
687 386 882 433 idoneum,
911 386 972 424 cui
991 385 1149 430 darem3
1179 397 1248 424 nec
1273 385 1363 423 satis

253 442 430 488 sciebam,
458 440 552 491 quid
579 440 720 478 darem.
753 438 883 488 [Vale.
923 439 983 477 Te
1009 438 1230 499 vindicavi]
1269 438 1363 476 Cin-

253 495 334 533 cius
353 495 383 533 si
402 494 497 545 quid
515 493 564 531 ad
587 506 651 531 me
677 493 733 530 tui
757 492 899 544 negotii
922 492 1112 539 detulerit,
1132 492 1360 544 suscipiam·
1347 519 1361 536 ‚

256 548 321 586 sed
338 560 441 585 nunc
459 548 582 598 magis
600 547 640 584 in
659 560 727 585 suo
745 553 802 585 est
828 554 1059 598 occupatus3
1087 546 1129 584 in
1147 559 1224 598 quo
1242 558 1311 597 ego
1329 544 1364 583 ei

257 614 334 639 non
353 601 503 639 desum,

312 655 392 702 Tu,
428 654 459 692 si
490 666 568 692 uno
595 653 636 691 111
665 654 747 692 loco
773 667 811 692 es
839 653 1006 701 futurus,
1038 654 1230 692 crebrasa
1254 652 1364 691 nobis

256 708 383 746 literas
402 714 602 758 exspecta:
633 717 691 745 ast
713 708 840 758 plures
866 707 980 745 etiam
1005 706 1086 759 ipse
1104 706 1256 745 mittito.
1284 706 1365 745 Ve-

256 761 340 809 lim,
362 761 411 798 ad
433 773 495 798 me
523 760 675 808 scribas,
699 760 914 811 cujusmodi
939 760 988 799 sit
1010 763 1210 809 Αμαλὲειον
1235 766 1364 808 tuum,

259 828 336 866 quo
355 822 506 861 ornatu,
534 812 610 865 qua
628 817 854 860 τοποθεσιᾳς
884 821 935 862 et,
955 827 1042 865 quae
1059 814 1237 865 poemata
1252 827 1367 865 quas-

259 881 335 919 que
351 867 525 905 historias
543 867 590 905 de
608 870 798 914 Αμαλὲῒειᾳ
816 867 948 911 habes,
968 867 1017 905 ad
1033 879 1097 905 me
1114 867 1255 905 mittas.
1284 867 1368 905 Lu-

259 923 323 959 bet
359 921 456 959 mihi
483 921 604 959 facere
635 921 675 958 in
703 921 896 971 Arpinati.
936 921 1023 972 Ego
1054 920 1125 959 tibi
1147 920 1294 973 aliquid
1321 920 1369 959 de

259 975 354 1014 meis
373 975 520 1027 scriptis
537 975 702 1013 mittam.
731 974 844 1013 Nihil
863 981 942 1013 erat
960 974 1135 1014 absoluti.

480 1136 597 1188 (17.)
627 1135 838 1175 CICERO
866 1135 1087 1175 ATTICO
1115 1137 1155 1175 S.

317 1243 466 1294 Magna
494 1243 591 1280 mihi
609 1243 768 1281 varietas
792 1243 1010 1291 voluntatis,
1038 1250 1076 1282 et
1099 1243 1370 1284 dissimilitudo

263 1296 449 1347 opinionis
468 1309 511 1334 ac
525 1296 659 1357 judicii
683 1297 822 1344 Quinti
845 1297 972 1334 fratris
996 1297 1087 1344 mei,
1115 1297 1371 1337 demonstrata

263 1358 318 1388 est
337 1363 383 1387 ex
398 1350 514 1388 literis
538 1350 628 1398 tuis,
643 1350 684 1387 in
703 1350 842 1401 quibus
861 1350 909 1388 ad
927 1363 990 1388 me
1011 1351 1255 1402 epistolarum
1268 1351 1372 1390 illius

263 1404 440 1454 exempla
463 1403 623 1449 misisti;
663 1417 741 1454 qua
769 1417 816 1442 ex
833 1417 887 1452 re,
908 1410 945 1442 et
967 1405 1141 1443 molestia
1159 1417 1247 1443 sum
1264 1405 1373 1444 tanta

264 1456 436 1505 affectus,
469 1464 658 1508 quantum
684 1457 781 1494 mihi
804 1470 914 1496 meus
945 1471 1053 1496 amor
1083 1471 1258 1497 summus
1285 1471 1373 1509 erga

265 1517 471 1561 utrumque
500 1513 667 1548 vestrum
696 1510 828 1549 afferre
857 1511 1013 1557 debuit3
1043 1518 1080 1549 et
1107 1511 1370 1561 admiratione,

264 1564 450 1615 quidnam
469 1564 674 1612 accidisset,
701 1564 804 1616 quod
831 1565 979 1603 afferret
997 1565 1145 1613 Quinto
1162 1565 1269 1604 fratri
1286 1578 1373 1605 meo

265 1626 333 1655 aut
359 1618 603 1656 offensionem
630 1625 710 1656 tam
741 1631 910 1669 gravem,
939 1625 1007 1656 aut
1035 1619 1371 1658 commutationem

268 1678 414 1708 tantam
429 1672 647 1710 voluntatis.
675 1672 809 1723 Atque
826 1672 924 1710 illud
941 1685 965 1710 a
981 1685 1045 1710 me
1056 1673 1138 1722 jam
1157 1679 1244 1711 ante
1260 1673 1372 1711 intel-

265 1725 468 1774 ligebatur,
489 1725 593 1776 quod
611 1733 648 1763 te
671 1738 823 1777 quoque
840 1726 967 1777 ipsum
991 1726 1243 1765 discedentem
1261 1740 1285 1764 a
1301 1738 1371 1764 no-

264 1778 323 1815 bis
341 1779 521 1829 suspicari
539 1779 727 1839 videbam,
752 1781 902 1817 subesse
923 1780 1048 1818 nescio
1073 1780 1168 1832 quid
1184 1780 1372 1831 opinionis

266 1830 543 1877 ineommodae;
587 1833 832 1893 sauciumque
868 1834 948 1882 ejus
985 1833 1159 1871 animum
1193 1833 1374 1872 insedisse

265 1885 451 1934 quasdam
483 1861 628 1924 odiosas
660 1886 912 1937 suspiciones3
956 1887 1096 1938 quibus
1132 1899 1202 1937 ego
1230 1886 1372 1925 mederi

265 1949 354 1975 cum
373 1951 549 1988 euperem
567 1947 677 1977 antea
696 1953 807 1991 saepe,
827 1947 865 1978 et
881 1940 1141 1978 vehementius
1159 1940 1273 1978 etiam
1286 1947 1372 1992 post

265 1991 496 2029 sortitionem
525 1993 750 2043 provinciae3
779 2006 848 2032 nec
872 2001 1022 2031 tantum
1051 1993 1310 2045 intelligebam
1338 1992 1371 2031 ei

267 2057 346 2082 csse
368 2045 595 2090 offensionis,
619 2055 808 2097 quantum
835 2047 952 2085 literae
973 2055 1050 2085 tuae
1074 2047 1278 2095 declarant,
1303 2059 1371 2086 nec

266 2104 415 2135 tantum
433 2099 690 2149 proficiebam,
712 2111 900 2152 quantum
919 2101 1104 2139 volebam.

319 2151 394 2190 Sed
412 2159 539 2191 tamen
558 2153 629 2192 hoc
647 2167 709 2192 me
727 2155 806 2206 ipse
831 2155 1064 2204 consolabar,
1084 2153 1188 2206 quod
1205 2165 1282 2193 non
1299 2152 1371 2191 du-
