1513 2382
360 104 445 142 AD
474 105 763 144 ATTICUM.
794 105 896 143 Lm.
918 104 997 142 111.
1028 107 1066 143 9.
1190 103 1268 141 219

144 210 329 250 videatur.
371 212 568 265 Equidem
601 214 727 253 adhuc
756 213 886 262 miser,
906 214 947 250 in
965 212 1148 250 maximis
1175 210 1271 248 meis

147 266 327 305 aesumnis
345 275 383 305 et
400 268 581 315 luctibus,
600 268 674 307 hoc
689 275 797 306 metu
810 267 973 317 adjecto,
993 277 1132 305 maneo
1147 265 1274 303 Thes-

149 319 325 359 salonicae
343 334 575 373 suspensus:
605 334 675 361 nec
689 322 812 360 audeo
831 321 1058 373 quidquam.

199 374 319 413 Nunc
337 376 386 414 ad
405 389 462 425 ea,
477 390 564 428 quae
577 376 772 428 scripsisti.
800 375 1056 427 Tryphonem
1070 372 1272 412 Caecilium

150 439 227 465 non
259 428 351 467 vidi.
390 430 615 469 Sermonem
644 439 757 470 tuum
779 437 817 468 et
837 429 1016 481 Pompeii
1044 426 1204 479 cognovi
1227 439 1275 464 ex

150 481 226 520 tuis
253 482 384 523 literis.
429 484 589 523 Motum
621 485 662 523 in
692 484 892 536 republica
919 496 998 522 non
1025 490 1179 521 1311111111
1207 493 1278 531 ego

150 535 371 587 impendere
398 538 523 588 video,
551 547 742 592 quantum
762 546 806 577 tu
827 545 894 576 aut
912 537 1031 584 vides,
1052 543 1119 574 aut
1146 534 1196 573 ad
1213 547 1280 572 me

148 591 423 630 consolandum
442 593 565 631 affers.
604 594 776 645 Tigrane
795 593 899 631 enim
918 592 1104 653 neglecto,
1125 589 1278 627 sublata

149 652 239 682 sunt
253 646 394 684 omnia.
422 646 591 686 Varroni
601 660 665 686 me
673 648 787 698 3111165
798 659 910 698 agere
923 646 1087 698 gratias:
1108 643 1275 682 faciam:

149 698 243 736 item
263 700 449 752 Hypsaeo.

202 753 322 801 Quod
341 755 490 803 suades,
520 767 569 794 ne
598 755 752 807 longius
774 755 1029 803 discedamus,
1062 753 1159 791 dum
1180 752 1277 790 Acta

152 809 293 846 mensis
318 808 420 847 Maii
447 809 497 847 ad
521 821 592 848 1105
617 810 881 862 perferantur3
911 816 1007 860 puto
1036 820 1100 846 me
1124 808 1180 845 ita
1198 818 1278 844 esse

152 861 375 910 facturum;
405 863 485 911 sed,
513 864 595 912 ubi,
615 864 791 902 nondum
810 864 950 902 statui:
982 870 1097 914 atque
1114 862 1169 899 ita
1192 872 1281 912 per-

154 918 308 955 turbam
327 930 415 955 sum
433 917 564 956 animo
586 918 634 956 de
657 918 821 965 Quinto,
847 926 892 956 ut
918 917 1016 955 1111111
1044 928 1185 967 queam
1204 922 1281 952 sta-

154 978 273 1009 tuere.
303 971 379 1009 Sed
397 978 527 1009 tamen
542 972 670 1010 statim
690 980 728 1010 te
745 972 884 1010 faciam
904 971 1115 1010 certiorem.

208 1025 274 1062 Ex
288 1025 535 1077 epistolarum
545 1039 721 1064 mearum
734 1025 988 1065 inconstantia
1001 1036 1095 1075 puto
1114 1030 1152 1062 te
1168 1035 1280 1061 men-

155 1079 204 1116 tis
222 1091 318 1117 mea:
331 1087 483 1117 motum
498 1080 649 1127 videre3
669 1080 753 1132 qui,
774 1080 844 1119 etsi
861 1078 1075 1118 incredibili
1093 1086 1131 1116 et
1149 1078 1280 1128 singu-

156 1133 228 1170 lari
249 1133 466 1172 calamitate
484 1134 647 1172 afflictus
679 1147 782 1182 sum,
813 1142 942 1172 tamen
960 1146 1039 1171 non
1056 1139 1137 1170 tam
1157 1140 1214 1170 est
1233 1144 1281 1169 ex

155 1186 322 1236 miseria,
343 1200 462 1238 quam
477 1201 525 1226 ex
539 1188 663 1240 culpae
675 1196 814 1227 nostrae
825 1187 1096 1233 recordatione,
1112 1198 1283 1224 commo-

155 1250 229 1279 tus.
271 1241 394 1291 Cujus
424 1242 528 1280 enim
554 1243 691 1281 scelere
714 1242 875 1294 impulsi
904 1255 948 1281 ac
977 1240 1119 1293 proditi
1143 1240 1278 1284 simus,

151 1296 237 1345 jam
253 1296 424 1346 profecto
443 1295 572 1335 vides:
593 1304 710 1349 atque
727 1297 877 1335 utinam
893 1297 976 1357 jam
990 1302 1079 1334 ante
1096 1294 1278 1333 vidisses!

156 1362 282 1400 neque
304 1357 431 1388 totum
458 1350 634 1388 animum
661 1358 776 1389 tuum
798 1350 954 1389 moerori
976 1362 1132 1388 mecum
1166 1348 1284 1387 simul

155 1403 332 1442 dedisses.
374 1404 520 1452 Quare,
558 1417 650 1443 cum
684 1418 749 1443 me
779 1404 964 1443 afflictum
998 1411 1037 1442 et
1067 1402 1282 1442 confectum

156 1458 265 1496 luctu
290 1458 437 1519 audies,
465 1458 697 1508 existimato,
722 1471 787 1497 me
816 1459 989 1497 stultitiae
1013 1471 1112 1496 meae
1128 1470 1282 1508 poenam

158 1512 256 1550 ferre
291 1512 459 1563 gravius,
486 1526 606 1564 quam
639 1513 794 1559 eventi;
830 1512 936 1564 quod
971 1512 1006 1549 ei
1040 1511 1281 1558 crediderim,

158 1579 276 1617 quem
305 1579 384 1604 esse
412 1566 601 1605 nefarium
625 1579 703 1606 non
732 1567 917 1619 putarim.
960 1566 1031 1604 Me
1050 1574 1087 1604 et
1104 1577 1280 1602 meorum

159 1620 352 1658 malorum
376 1621 575 1668 memoria,
595 1628 634 1659 et
651 1631 777 1660 metus
794 1621 843 1659 de
859 1621 990 1668 fratre,
1018 1620 1059 1657 in
1085 1618 1283 1657 scribendo

159 1674 348 1725 impedit:
390 1682 433 1712 tu
457 1675 530 1713 ista
547 1675 678 1713 omnia
695 1675 796 1724 vide,
823 1682 860 1713 et
888 1677 1072 1726 guberna.
1101 1672 1286 1711 Terentia

160 1728 229 1766 tibi
258 1728 449 1767 maximas
481 1729 621 1780 gratias
653 1729 744 1791 agit.
792 1729 1012 1768 Literarum
1042 1727 1281 1778 exemplum,

163 1795 259 1833 quas
277 1782 327 1820 ad
346 1783 578 1835 Pompeium
596 1784 742 1836 scripsi,
768 1783 858 1822 misi
876 1782 958 1821 tibi.
999 1781 1092 1820 Dat.
1114 1781 1177 1819 IV
1196 1780 1283 1820 Cal.

161 1837 577 1876 ι11111.Ί116553101116ω.

399 1994 490 2047 (9.)
521 1994 735 2035 CICERO
763 1992 981 2033 ATTICO
1009 1996 1050 2033 S.

218 2103 392 2151 Quintus
418 2104 535 2142 frater
553 2115 642 2142 cum
663 2115 711 2140 ex
730 2102 830 2140 Asia
847 2102 1076 2141 discessisset
1095 2110 1183 2140 ante
1201 2101 1286 2140 Cal.

167 2157 310 2204 Maias,
330 2165 368 2196 et
385 2157 562 2197 Athenas
580 2157 744 2195 venisset
764 2156 915 2205 Idibus,
938 2156 1046 2195 valde
1065 2155 1138 2193 fuit
1153 2155 1187 2194 ei
1201 2169 1288 2208 pro-

163 2211 394 2262 perandum,
421 2224 471 2251 ne
501 2210 596 2262 quid
619 2212 754 2250 absens
784 2210 969 2262 acciperet
997 2209 1237 2258 calamitatis,
1259 2209 1291 2248 si
