1513 2382
340 93 424 132 AD
452 93 740 133 ATTICUM.
770 94 869 132 Lm.
903 93 977 132 1v.
1012 94 1071 131 15.
1190 97 1268 141 257

142 201 241 240 mihi
259 201 447 240 utendum
468 201 700 253 quibusdam
718 203 832 239 rebus
853 214 901 239 ex
919 201 966 239 iis
993 201 1116 249 libris,
1137 202 1186 240 ad
1205 215 1268 241 eos

143 269 239 306 quos
255 255 295 293 in
315 255 496 294 manibus
514 256 663 301 habeo;
694 269 806 307 quos,
838 263 882 293 ut
910 267 1035 306 spero,
1068 256 1139 294 tibi
1157 256 1268 294 valde

142 311 324 361 probabo.

195 362 276 411 Tu,
305 363 434 410 velim,
464 363 498 401 si
524 363 619 414 quid
642 362 739 400 forte
764 363 854 401 novi
882 363 1013 409 habes,
1043 363 1213 402 maxime
1242 377 1265 402 a

141 416 292 464 Quinto
317 417 446 465 fratre,
467 417 604 455 deinde
622 431 645 455 a
674 417 720 455 C.
740 416 904 464 Caesare,
925 425 962 454 et
990 417 1021 454 si
1050 417 1145 468 quid
1169 417 1267 455 forte

138 469 188 508 de
206 470 382 519 comitiis,
403 471 450 509 de
469 484 508 509 re
526 471 697 522 publica,
718 471 831 513 (soles
850 471 954 508 enim
973 479 1015 508 tu
1033 470 1115 508 haec
1132 471 1266 509 festive

140 523 309 572 odorari)
329 524 469 563 scribas
487 525 536 562 ad
554 538 641 563 me:
672 525 704 563 si
729 525 784 562 nil
808 524 996 570 habebist,
1027 532 1156 562 tamen
1175 525 1267 563 scri-

141 579 210 616 bas
238 578 398 630 aliquid.
441 579 657 630 Nunquam
686 579 790 616 enim
818 578 916 615 mihi
935 586 1002 616 tua
1021 578 1180 629 epistola
1198 586 1266 616 aut

142 632 410 682 intempestiva
429 640 496 670 aut
513 633 656 684 loquax
672 633 751 670 visa
769 640 837 670 est.
867 632 1046 670 Maxime
1061 640 1189 670 autem
1205 645 1265 670 ro-

140 692 205 736 go,
225 688 338 724 rebus
356 686 432 723 tuis
450 693 605 737 totoque
632 687 765 724 itinere
791 699 839 723 ex
869 686 1055 723 sententia
1081 686 1264 732 confecto,

143 751 212 777 nos
230 739 522 790 quamprimum
553 741 702 779 revisas.
737 740 973 790 Dionysium
998 741 1093 789 jube
1111 740 1266 778 salvere.

145 795 176 832 C
182 805 252 830 ura
270 800 314 831 ut
332 793 468 832 valeas.

361 953 476 1001 (15.)
506 951 726 992 CICERO
753 951 980 992 ATTICO
1008 952 1049 990 S.

197 1058 260 1097 De
291 1058 511 1111 Eutychide
543 1067 697 1111 gratum
712 1074 724 1106 3
755 1061 837 1112 qui,
863 1066 987 1098 vetere
1013 1058 1264 1111 praenomine,

142 1124 243 1151 novo
271 1114 443 1160 nomine,
465 1114 582 1152 Titus
606 1114 677 1152 erit
700 1114 905 1159 Caecilius3
935 1121 980 1151 ut
999 1120 1055 1151 est
1078 1126 1126 1151 ex
1144 1126 1208 1150 me
1230 1120 1268 1150 et

141 1179 191 1204 ex
205 1174 241 1204 te
248 1167 406 1215 junctus
418 1168 644 1219 Dionysius,
662 1168 723 1205 M.
739 1167 991 1218 Pomponius.
1023 1167 1148 1205 Valde
1165 1168 1267 1219 (me-

140 1219 312 1269 hercule)
333 1221 431 1259 mihi
449 1230 619 1273 gratum,
650 1222 681 1260 si
704 1221 942 1273 Eutychides
959 1229 1068 1258 tuam
1087 1234 1177 1272 erga
1201 1233 1265 1258 me

139 1275 445 1314 benevolentiam
465 1284 689 1327 cognoscet3
712 1283 748 1314 et
768 1276 878 1313 suam
896 1275 1006 1313 illam
1031 1276 1072 1312 in
1091 1288 1178 1313 meo
1197 1274 1266 1312 do-

140 1327 221 1366 lore
254 1328 477 1377 συμπαθειαν
507 1342 633 1381 neque
663 1338 748 1368 tum
767 1329 865 1367 mihi
890 1331 1108 1376 obscuram,
1139 1341 1265 1380 neque

139 1389 227 1433 post
245 1382 452 1433 ingratam,
472 1384 601 1422 fuisse

196 1437 276 1475 Iter
296 1437 510 1476 Asiaticum
529 1445 643 1476 tuum
669 1446 764 1490 puto
796 1437 868 1476 tibi
890 1437 1175 1488 suscipiendum
1201 1436 1266 1474 fu·-

139 1489 224 1528 isse.
256 1490 475 1542 Nunquam
504 1492 629 1530 enim·
635 1499 678 1529 tu
705 1492 786 1530 sine
812 1492 1025 1541 justissima
1050 1503 1165 1529 causa
1185 1499 1266 1528 tam

140 1543 255 1594 longe
273 1557 297 1582 a
315 1550 371 1582 tot
389 1545 465 1583 tuis
479 1553 517 1583 et
535 1546 755 1584 hominibus
775 1553 813 1583 et
830 1547 944 1584 rebus
970 1545 1172 1583 carissimis
1196 1546 1266 1582 ab-

141 1610 221 1635 esse
246 1598 439 1636 voluisses.
470 1599 547 1638 Sed
563 1600 844 1638 humanitatem
868 1607 992 1646 tuam,
1019 1610 1268 1649 amoremque

141 1651 183 1688 in
210 1658 311 1700 tuos,
332 1652 474 1690 reditus
493 1653 662 1691 celeritas
687 1654 903 1692 declarabit.
945 1652 1022 1691 Sed
1048 1664 1192 1698 vereor,
1218 1663 1269 1690 ne

141 1705 270 1757 lepore
288 1713 325 1743 te
344 1719 413 1744 suo
431 1706 599 1745 detineat
612 1708 757 1746 diutius
768 1708 896 1745 rhetor
909 1706 1085 1753 Clodius,
1099 1714 1137 1743 et
1150 1705 1268 1743 homo

142 1759 384 1810 pereruditus
403 1763 464 1804 (ut
477 1761 618 1810 aiunt),
635 1769 686 1808 et,
699 1774 802 1800 nunc
816 1760 973 1812 quidem
987 1760 1139 1798 deditus
1158 1759 1269 1797 Grae-

142 1813 195 1851 cis
212 1813 345 1861 literis,
360 1814 576 1853 Pituanius.
611 1790 702 1863 Sed,
720 1816 751 1854 si
769 1815 829 1853 vis
846 1815 963 1852 homo
982 1827 1075 1861 aese,
1088 1813 1212 1864 recipe
1230 1819 1270 1851 τε

142 1867 194 1905 ad
211 1880 296 1915 nos,
317 1867 367 1906 ad
384 1868 489 1919 quod
510 1876 664 1920 tempus
693 1869 940 1908 confirmasti.
971 1868 1076 1906 Cum
1103 1867 1181 1905 inis
1210 1873 1270 1905 ta-

143 1933 249 1996 men,
269 1934 361 1959 cum
379 1922 475 1960 salvi
494 1923 682 1970 venerint,
700 1924 839 1961 Romae
857 1922 982 1961 vivere
998 1921 1140 1960 licebit.

165 1975 325 2014 Avere
343 1983 382 2014 te
399 1976 531 2015 scribis
550 1977 718 2028 accipere
736 1975 884 2027 aliquid
907 1989 930 2014 a
954 1989 1018 2014 me
1041 1975 1267 2020 literarum3

142 2028 246 2075 dedi,
275 2041 319 2067 ac
345 2030 480 2069 multis
499 2031 657 2082 quidem
682 2030 730 2069 de
754 2032 882 2077 rebus,
913 2028 1154 2079 ηαερολεγδον
1182 2041 1271 2080 per-

143 2083 284 2134 scripta
300 2084 454 2122 omnia:
486 2085 566 2131 sed,
589 2083 654 2133 [ut
672 2083 867 2135 conjicio‚]
885 2083 1069 2135 quoniam
1082 2083 1180 2121 mihi
1193 2094 1272 2120 non

143 2136 306 2175 videris
295 2149 337 2174 111
356 2137 478 2189 Epiro
497 2113 566 2176 diu’
583 2138 716 2186 fuisse,
732 2137 897 2176 redditas
914 2136 986 2175 tibi
1003 2149 1081 2176 non
1096 2137 1270 2175 arbitror.

146 2190 280 2230 Genus
298 2198 428 2231 autem
447 2204 640 2243 mearum,
656 2192 706 2231 ad
724 2199 762 2232 te
773 2191 946 2245 quidem,
958 2191 1158 2230 literarum
1172 2191 1273 2241 ejus-

928 2257 955 2284 z
982 2246 1008 2283 3
