1513 2382
334 92 418 133 AD
445 92 742 133 DIVERSOS.
772 93 872 132 1118
898 92 992 132 XV.
1022 93 1060 132 1
1190 92 1242 131 83

132 199 288 240 transire
301 201 464 252 ooepisse.
493 201 584 249 Quo
601 200 737 240 nuntio
755 201 884 249 allato,
905 213 994 239 cum
1012 206 1134 239 essent
1147 211 1244 238 non-

133 253 232 292 nulli
262 254 330 306 qui
359 255 393 293 ei
422 255 503 306 regi
527 254 714 293 minorem
740 255 856 292 fidem
884 253 1099 292 habendam
1133 260 1246 305 puta-

132 315 229 355 rent,
250 308 364 346 statui
383 309 679 360 exspectandum
699 321 790 356 esse,
811 308 842 346 si
867 308 961 360 quid
980 307 1116 346 certius
1134 307 1244 345 affer-

134 367 250 399 retur.

185 415 239 452 A.
260 414 297 453 d.
324 414 438 453 XIII
465 414 651 453 calendas
680 414 835 454 Octobr.
864 427 952 453 cum
975 414 1183 453 exercitum
1204 413 1246 451 in

134 467 309 506 Ciliciam
334 468 525 516 ducerem,
557 468 598 506 in
620 469 761 506 finibus
794 468 1000 520 Lycaoniae
1028 475 1065 506 et
1095 468 1246 519 Cappa-

134 520 252 560 dociae
275 518 372 560 mihi
389 522 508 560 literae
526 521 680 560 redditae
699 535 787 560 sunt
805 535 828 560 3
847 521 1157 582 Tarcondimoto,
1178 520 1246 572 qui

133 574 375 613 fidelissimus
404 575 526 614 socius
555 583 658 614 trans
691 576 883 623 Taurum,
917 575 1247 626 amicissimusque

133 629 266 679 populi
278 629 460 675 Romani,
477 629 736 668 existimatur:
760 630 964 677 Pacorum,
980 628 1135 689 Orodis,
1149 627 1249 678 regis

136 681 381 729 Parthorum,
418 683 557 730 filium,
592 695 680 721 cum
710 696 919 734 permagno
949 682 1120 733 equitatu
1151 683 1248 720 Par-

134 735 236 773 thico
254 738 432 775 transisse
448 736 688 787 Euphraten,
717 744 753 775 et
772 744 891 775 castra
899 735 1076 801 posuisse
1094 736 1246 786 Tybae·

134 800 396 840 magnumque
414 790 626 828 tumultum
646 803 725 828 esse
742 790 782 827 in
802 789 997 841 provincia
1017 789 1129 840 Syria
1147 788 1251 827 exci-

135 849 272 880 tatum.
301 842 450 882 Eodem
475 843 537 881 die
566 844 613 881 ab
645 843 873 892 Iamblicho,
903 843 1113 894 phylarcho
1144 842 1250 880 Ara-

134 897 230 934 bum
255 898 388 947 (quem
417 897 590 935 homines
618 897 824 948 opinantur
851 899 946 936 bene
974 896 1123 943 sentire,
1152 894 1252 933 ami-

135 961 302 1001 cumque
332 963 410 988 esse
438 950 654 1001 reipublicae
685 957 854 1000 nostrae),
880 950 1000 989 literae
1028 949 1076 988 de
1104 949 1246 989 eisdem

135 1003 248 1041 rebus
266 1003 363 1041 1111111
381 1004 536 1042 redditae
554 1011 654 1042 sunt.

189 1056 266 1094 His
288 1058 401 1095 rebus
419 1057 555 1105 allatis,
575 1058 643 1095 etsi
661 1057 936 1108 intelligebam,
956 1057 1073 1095 socios
1097 1055 1250 1094 infirme

137 1109 322 1148 animatos
341 1123 432 1158 1550,
454 1118 489 1149 01
508 1123 694 1149 novarum
722 1123 850 1149 rerum
870 1110 1146 1172 exspectatione
1164 1121 1247 1147 sus-

135 1175 294 1215 pensos;
324 1165 522 1215 sperabam
541 1171 684 1211 tamen,
705 1177 782 1212 eos,
802 1164 851 1202 ad
870 1177 965 1215 quos
985 1164 1068 1212 jam
1087 1175 1250 1201 accesse-

136 1229 234 1265 ram,
254 1217 397 1269 quique
414 1225 581 1256 nostram
609 1218 943 1256 mansuetudinem
972 1217 1248 1267 integritatem-

137 1283 213 1321 que
238 1279 519 1322 perspexerant,
557 1271 752 1310 amiciores
783 1272 927 1322 populo
958 1271 1137 1309 Romano
1169 1282 1249 1308 esse

137 1323 280 1362 factos‘
268 1353 281 1371 ,
311 1324 485 1363 Ciliciam
514 1333 643 1363 autem
661 1324 868 1363 firmiorem
886 1324 980 1372 fore,
1001 1324 1032 1362 si
1061 1323 1251 1375 aequitatis

138 1384 277 1416 nostrae
300 1378 485 1430 particeps
510 1379 609 1417 facta
638 1385 744 1416 esset.
771 1378 827 1416 Et
848 1379 897 1416 ob
916 1390 1001 1416 eam
1023 1389 1192 1424 causam,
1213 1383 1252 1414 et

138 1437 184 1468 ut
213 1431 516 1483 opprimerentur
533 1432 561 1470 ii
588 1432 656 1483 qui
674 1445 722 1470 ex
741 1431 907 1470 Cilicum
936 1438 1048 1483 gente
1072 1431 1112 1468 in
1131 1430 1248 1468 armis

140 1493 276 1545 0550111,
297 1492 333 1523 01
362 1492 406 1523 111
424 1485 570 1523 hostis
560 1499 606 1532 15,
633 1485 701 1536 qui
719 1493 814 1524 esset
830 1485 871 1523 in
897 1484 1019 1536 Syria,
1040 1484 1162 1528 sciret,
1183 1496 1252 1521 ex-

140 1537 300 1576 ercitum
327 1539 461 1590 populi
488 1539 657 1578 Romani
682 1551 759 1577 non
786 1538 900 1577 modo
924 1551 1000 1576 non
1031 1538 1161 1575 cedere
1189 1536 1250 1574 his

140 1591 284 1629 nuntiis
313 1592 450 1641 allatis,
479 1592 544 1630 sed
569 1591 683 1631 etiam
707 1592 863 1643 propius
889 1591 1076 1639 accedere,
1109 1589 1251 1628 exerci-

142 1651 227 1682 tum
246 1644 294 1683 ad
312 1645 489 1684 Taurum
505 1645 653 1685 institui
671 1645 818 1684 ducere.

196 1698 285 1746 Sed,
316 1699 347 1736 51
376 1699 470 1750 quid
498 1699 602 1760 apud
631 1711 696 1737 vos
727 1699 928 1737 auctoritas
957 1711 1043 1736 mea
1072 1696 1252 1749 ponderis

142 1750 257 1790 habet
274 1751 334 1801 (in
352 1752 398 1790 iis
424 1753 633 1804 praesertim
651 1754 763 1791 rebus
783 1765 876 1803 quas
906 1765 971 1790 vos
990 1750 1162 1798 audistis,
1183 1762 1254 1801 ego

142 1817 251 1856 paene
275 1803 419 1854 cerno),
451 1818 592 1866 magno
621 1819 732 1857 οΡ010
758 1818 821 1843 vos
840 1813 876 1843 et
894 1805 1023 1843 hortor
1042 1812 1078 1842 et
1101 1815 1252 1852 monce,

142 1866 187 1896 ut
214 1858 275 1896 his
303 1859 517 1910 provinciis,
548 1859 665 1898 serius
694 1871 760 1897 vos
783 1858 937 1910 quidem
968 1870 1085 1910 quam
1113 1857 1253 1904 decuit,

142 1911 208 1950 sed
226 1912 430 1964 aliquando
448 1921 590 1962 tamen,
611 1913 826 1952 consulatis.

197 1965 283 2004 Nos
296 1966 620 2017 quemadmodum
635 1966 849 2010 instructos
868 1972 905 2004 et
919 1965 1061 2017 quibus
1070 1963 1256 2025 praesidiis

144 2018 327 2066 munitos,
342 2019 391 2058 ad
409 2021 505 2058 tanti
522 2020 614 2059 belli
632 2019 848 2080 opinionem
866 2019 1055 2066 miseritis,
1075 2030 1151 2056 non
1167 2017 1256 2056 estis

144 2071 294 2124 ignari.
325 2072 430 2124 quod
447 2087 517 2124 ego
531 2073 742 2124 negotium,
755 2084 832 2111 non
851 2072 1013 2111 stultitia
1029 2073 1255 2117 obcaecatuS‚

146 2125 212 2164 5011
229 2126 455 2164 verecundia
465 2126 678 2173 deterritus,
694 2137 771 2165 non
785 2125 964 2165 recusavi.
999 2126 1139 2177 Neque
1153 2123 1256 2163 enim

148 2189 321 2230 unquam
357 2179 482 2218 ullum
519 2180 731 2232 periculum
769 2187 919 2218 tantum
967 2178 1114 2231 putavi,
1152 2176 1257 2229 quod
