1513 2382
291 102 367 142 100
474 104 557 144 AD
584 105 880 147 DIVERSOS.
909 107 1010 147 Lm.
1029 106 1124 146 XV.
1156 107 1218 145 ll.

284 209 388 249 factu
418 219 487 261 est,
515 225 592 252 non
613 214 862 266 adspemante
885 216 949 268 (ut
976 215 1142 262 confido)
1171 219 1319 259 senatu,
1348 217 1394 251 ut

284 276 403 314 quam
420 266 842 307 honorificentissimum
861 269 1260 315 senates-consultum,
1279 266 1398 305 literis

287 318 383 356 meis
401 320 578 368 recitatis,
597 322 815 360 faciendum
834 335 952 361 cures.

338 372 380 410 Si
411 374 507 412 mihi
536 383 663 413 tecum
691 377 819 414 minus
847 384 954 423 esset,
975 389 1092 428 quam
1124 382 1181 413 est
1205 386 1294 414 cum
1322 373 1399 412 tuis

285 425 478 473 omnibus,
510 429 713 479 allegarem
746 430 794 468 ad
820 438 858 468 te
881 431 981 477 illos,
1002 443 1025 468 a
1053 429 1194 481 quibus
1219 427 1400 477 intelligis

285 490 348 517 me
366 481 555 532 praecipue
573 483 692 534 diligi.
723 484 848 521 Patris
871 484 928 521 tui
950 483 1131 522 beneficia
1154 483 1196 520 in
1219 495 1284 520 me
1312 490 1402 519 sunt

285 534 544 584 amplissima:
574 548 699 588 neque
724 538 827 574 enirn
847 537 960 575 saluti
977 550 1087 584 meae,
1108 548 1232 588 neque
1249 534 1398 582 honori,

286 586 441 624 amicior
460 588 663 640 quisquam
679 591 753 628 dici
767 599 902 641 potest.
932 591 1066 628 Frater
1083 598 1173 628 tuus
1192 588 1326 641 quanti
1336 600 1401 626 me

285 639 412 686 faciat,
441 654 663 694 semperque
681 644 823 692 fecerit,
844 658 922 683 esse
938 644 1135 682 hominem
1153 644 1222 694 qui
1239 643 1400 693 ignoret,

286 694 446 732 arbitror
464 697 669 734 neminem.
699 697 850 735 Domus
869 705 936 736 tua
949 698 1113 749 denique
1129 704 1209 735 tota
1225 709 1289 734 me
1301 708 1402 734 sem-

285 759 354 797 per
383 749 561 787 omnibus
592 752 751 788 summis
777 752 907 789 officiis
936 758 1133 802 prosecuta
1156 757 1223 788 oet.
1262 750 1403 800 Neque

286 813 375 838 vero
387 808 444 849 tu,
464 802 504 839 in
518 815 580 841 me
595 804 800 855 diligendo,
814 805 995 857 cuiquam
1004 803 1217 843 concessisti
1230 810 1400 844 morum.

287 853 419 900 Quare
445 869 467 893 a
493 864 529 895 te
559 865 647 908 peto
667 860 851 907 majorem
876 859 918 896 in
943 858 1118 906 modum,
1138 865 1182 896 ut
1199 870 1263 895 me
1280 869 1348 908 per
1366 862 1404 894 te

287 920 406 958 quam
425 910 707 949 ornatissimum
722 913 814 950 velis
834 926 936 958 esse;
965 925 1181 963 meamque,
1198 918 1235 949 et
1252 910 1292 948 in
1312 922 1403 961 sup-

284 961 485 1011 plicatione
507 964 754 1014 decernenda,
774 974 811 1004 et
830 966 872 1003 in
894 967 1035 1005 caeteris
1056 968 1183 1013 rebus,
1210 963 1403 1002 existima-

286 1014 430 1054 tionem
447 1018 536 1056 satis
554 1018 624 1057 tibi
643 1032 721 1058 esse
739 1020 1044 1059 commendatam
1061 1027 1183 1072 putes.
1212 1017 1326 1057 Vale.

287 1176 401 1228 (11.)
439 1177 502 1218 Μ.
528 1180 578 1219 Τ.
606 1181 652 1220 C.
687 1182 808 1220 IMP.
833 1183 877 1221 C.
913 1179 1252 1228 MARCELLO,
1283 1178 1399 1219 COS.

623 1235 852 1275 DESIGN.
880 1237 921 1276 S.
942 1237 988 1274 P.
1008 1236 1063 1274 D.

341 1339 663 1391 (Argumentum.
680 1365 732 1372 —
746 1343 1029 1395 Supplicatione
1041 1343 1114 1382 sibi
1133 1340 1294 1390 decreta,
1314 1354 1400 1392 gra-

287 1393 669 1497 gffsngffltjoflsulst
700 1405 737 1436 et
765 1398 984 1449 propediem
1011 1397 1060 1435 ad
1089 1398 1237 1436 Urbem
1262 1409 1302 1434 se
1323 1395 1404 1434 fore

342 1554 509 1602 Quantae
538 1570 638 1596 curae
669 1559 738 1597 tibi
766 1571 875 1598 meus
905 1559 1026 1598 honos
1057 1558 1186 1606 fuerit,
1215 1565 1253 1596 et
1285 1569 1404 1609 quam

287 1608 391 1647 idem
433 1610 618 1650 exstiteris
654 1613 787 1651 consul
821 1613 861 1651 in
891 1625 955 1652 me
989 1612 1158 1651 ornando
1189 1618 1227 1650 et
1266 1611 1404 1662 ampli-

289 1662 450 1711 ficando,
475 1665 543 1715 qui
566 1665 692 1704 fueras
715 1679 863 1718 semper
893 1679 982 1705 011111
1005 1666 1226 1718 parentibus
1251 1664 1340 1712 tuis,
1367 1671 1405 1702 et

289 1728 380 1754 cum
409 1718 490 1756 tota
517 1718 646 1766 domo,
673 1721 743 1758 etsi
774 1733 832 1758 res
860 1719 944 1771 ipsa
971 1721 1213 1771 loquebatur,
1244 1717 1403 1769 cognovi

289 1777 417 1808 tamen
437 1784 486 1809 ex
509 1784 683 1810 meorum
701 1773 877 1812 omnium
900 1774 1030 1812 literis.
1067 1773 1205 1824 Itaque
1225 1772 1321 1810 nihil
1348 1777 1404 1810 aet

290 1829 454 1871 tantum,
476 1825 578 1876 quod
597 1839 666 1877 ego
688 1839 765 1865 non
788 1828 857 1865 tua
877 1827 990 1866 eausa
1014 1827 1187 1872 debeam,
1213 1825 1402 1863 facturus-

289 1890 365 1927 que
393 1877 479 1925 sim,
504 1892 593 1917 cum
615 1880 796 1928 studiose,
822 1888 907 1918 tum
928 1881 1100 1919 libenter.
1141 1879 1247 1917 Nam
1272 1877 1406 1929 magni

289 1929 457 1978 interest,
488 1933 550 1970 0111
579 1932 738 1972 debeas:
777 1934 912 1972 debere
941 1941 1068 1972 autem
1099 1932 1244 1971 nemini
1267 1931 1404 1979 malui,

289 1996 408 2034 quam
427 1985 510 2032 tibi,
531 1987 593 2023 0111
617 1999 680 2024 me
702 2000 791 2025 cum
814 1987 939 2025 studia
961 1986 1194 2033 communia,
1222 1985 1406 2024 beneficia

289 2044 461 2087 paterna,
481 2047 637 2090 tuaque,
661 2041 743 2089 jam
762 2048 849 2079 ante
868 2043 1142 2091 conjunxerant
1158 2053 1170 2084 ;
1200 2046 1284 2076 tum
1304 2051 1408 2077 acce-

289 2089 347 2127 dit
378 2092 482 2133 (mea
511 2093 668 2144 quidem
700 2095 904 2142 sententia)
940 2094 1158 2133 maximum
1190 2092 1404 2139 vinculum,

290 2143 396 2195 quod
412 2144 467 2182 ita
485 2158 566 2183 rem
578 2147 773 2197 publicam
792 2148 890 2198 geris
909 2156 1024 2199 atque
1041 2146 1201 2198 gessisti,
1213 2145 1293 2198 qua
1309 2145 1408 2183 mihi

291 2197 413 2236 carius
431 2198 527 2237 nihil
547 2207 616 2248 est,
640 2208 697 2249 ut,
718 2213 908 2252 quantum
932 2202 1001 2240 tibi
1023 2213 1154 2240 omnes
1174 2199 1265 2238 boni
1288 2198 1405 2237 debe-
