1513 2382
374 88 456 126 AD
484 86 766 126 ATTICUM.
789 86 887 124 Lm.
911 87 962 124 V.
994 89 1057 126 20.
1186 88 1264 127 289

159 201 220 232 tus
247 194 296 233 sis
315 206 390 232 non
415 195 558 241 minus,
579 206 697 245 quam
716 205 784 230 nos
802 193 866 232 hic
894 206 1037 232 sumus.
1086 193 1147 232 De
1177 194 1267 233 Ati-

157 248 259 286 liano
287 248 440 286 nomine
468 248 599 299 scripsi
627 246 676 284 ad
695 246 964 293 Philotimum,
984 259 1032 285 ne
1060 248 1269 299 appellaret

161 301 383 339 Messalam.

213 353 363 392 Itineris
382 353 499 392 nostri
517 353 662 391 famam
677 352 725 390 ad
745 359 782 390 te
799 352 1011 403 pervenisse
1024 353 1156 399 laetor3
1187 367 1269 393 ma-

156 407 292 458 gisque
308 408 478 455 laetabor,
505 407 538 445 si
557 407 703 457 reliqua
727 405 911 456 cognoris.
958 407 1136 444 Filiolam
1162 416 1270 446 tuam

157 460 227 499 tibi
251 461 333 510 jam
364 461 502 498 Romae
526 460 738 509 jucundam
771 472 848 497 esse
886 459 1033 509 gaudeo
1049 474 1061 505 3
1092 473 1268 512 eamque,

158 527 277 566 quam
299 526 498 565 nunquam
522 513 612 561 vidi,
644 520 772 550 tamen
804 520 841 550 et
869 525 970 558 am0,
1001 520 1038 550 et
1065 515 1269 552 amabilem

159 580 238 606 esse
255 575 356 606 certo
374 568 461 606 scio.
491 566 622 604 Etiam
641 573 756 617 atque
774 567 887 604 etiam
906 567 1041 613 valete,
1057 568 1213 614 Patron,
1235 575 1272 605 et

158 622 217 659 tui
235 621 493 672 condiscipuli.
533 620 634 668 Quae
651 619 698 657 de
717 618 933 657 Tarentinis
950 619 991 656 in
1008 620 1147 658 militia
1165 621 1272 659 labo-

159 674 256 722 ravi,
276 687 320 712 ea
339 674 409 713 tibi
427 682 535 725 grata
548 686 626 711 esse
644 673 802 733 gaudeO.
833 672 950 720 Quod
968 673 1110 733 scribis,
1130 673 1273 712 libente

159 735 197 766 te
215 729 406 779 repulsam
422 728 554 765 tulisse
571 739 661 764 eum
680 726 748 778 qui
761 738 850 764 cum
869 726 1004 764 sororis
1021 734 1098 764 tuae
1116 727 1186 765 filii
1203 741 1273 779 pa-

161 789 248 820 truo
284 788 465 826 certaret3
495 780 628 830 magni
660 779 798 818 amoris
828 780 992 830 signum.
1041 780 1178 831 Itaque
1209 794 1273 819 me

161 836 274 874 etiam
296 834 528 872 admonuisti
545 842 588 871 ut
606 833 836 884 gauderem.
866 846 957 870 nam
979 833 1109 870 mihi
1099 847 1137 871 111
1164 846 1275 872 men-

148 896 240 927 ‘tem
258 900 335 926 non
355 895 519 926 venerat.
563 887 654 924 Non
675 886 828 933 credo,'
817 887 957 938 mquis,
986 887 1044 924 Ut
1060 887 1176 926 libet:
1208 887 1273 926 sed

160 943 276 994 plane
293 941 468 994 gaudeo·
457 969 469 988 ,
499 940 682 992 quoniam
701 955 743 978 το
763 955 915 989 νεμεσᾳν
934 940 1089 979 interest
1107 956 1168 979 του
1185 944 1275 986 φθο-

162 1011 242 1034 new·

380 1181 493 1228 (20.)
524 1176 738 1219 cmERo
765 1175 981 1216 ATTICO
1011 1176 1051 1215 S.

154 1334 160 1345 ¹·
218 1321 483 1361 Saturnalibus
499 1333 613 1359 mane
627 1333 667 1359 se
680 1320 777 1358 mihi
790 1319 1024 1359 Pindenissae
1038 1319 1276 1368 dediderunt,

167 1375 327 1427 septimo
355 1382 392 1413 et
421 1374 709 1426 quadragesimo
739 1374 800 1412 die
826 1385 1028 1435 postquam
1058 1387 1280 1427 oppugnare

157 1441 228 1467 ‘eos
247 1429 441 1480 coepimus.
480 1428 562 1476 Qui
583 1428 749 1480 (malum
765 1426 797 1477 !)
827 1428 889 1466 isti
918 1428 1181 1467 Pindenissae?
1210 1428 1278 1480 qui

166 1485 286 1521 sunt?
315 1482 490 1533 inquies:
520 1494 660 1519 nomen
679 1481 808 1519 audivi
829 1493 1041 1532 nunquam.
1082 1481 1190 1529 Quid
1209 1494 1279 1532 ego

166 1535 338 1574 faciam?
367 1535 477 1586 potui
496 1535 670 1573 Ciliciam
699 1535 885 1572 AEtoliam
914 1542 980 1572 aut
1009 1535 1278 1574 Macedoniam

165 1588 351 1627 reddere?
381 1589 469 1627 Hoc
494 1590 576 1638 jam
605 1589 657 1626 sic
681 1588 833 1635 habeto,
854 1600 923 1626 nec
940 1588 1012 1626 hoc
1030 1589 1195 1627 exercitu
1215 1589 1279 1627 hic

165 1650 272 1681 tanta
286 1642 436 1694 negotia
453 1642 534 1692 geri
551 1641 741 1693 potuisse·
763 1655 850 1692 quae
861 1653 1042 1692 cognosce
1053 1657 1085 1678 εν
1103 1655 1278 1696 επιτομης

165 1696 219 1735 sic
237 1696 339 1734 enim
358 1695 528 1734 concedis
546 1695 643 1733 1111111
660 1695 844 1756 proximis
862 1694 991 1732 literis.
1262 1725 1265 1727 .

221 1750 421 1801 Ephesum
439 1756 484 1787 ut
501 1748 684 1795 venerim,
710 1749 835 1792 nostig
866 1748 934 1799 qui
952 1748 1065 1786 etiam
1080 1747 1175 1785 mihi
1193 1761 1280 1799 gra-

167 1805 311 1842 tulatus
330 1816 369 1841 es
386 1803 489 1840 illius
516 1802 592 1840 diei
618 1802 886 1847 celebritatem,
911 1814 989 1851 qua
1013 1801 1107 1839 1111111
1126 1815 1190 1840 me
1207 1814 1280 1840 un-

168 1870 287 1909 quam
305 1856 503 1894 delectavit
521 1856 654 1907 magis.
684 1855 782 1892 Inde
800 1854 949 1906 oppidis
968 1854 1028 1899 iis,
1048 1855 1127 1907 qua
1146 1855 1278 1902 ieram,

168 1910 392 1949 mirabiliter
423 1909 578 1961 accepti,
605 1909 832 1947 Laodiceam
855 1907 976 1959 pridie
1006 1908 1088 1946 Cal.
1119 1909 1283 1947 Sextiles

166 1964 353 2002 venimus.
393 1962 455 2001 Ibi
484 1963 622 2000 morati
649 1962 826 2009 biduum,
859 1961 1090 2012 perillustres
1106 1961 1279 2000 fuimus·
1265 1991 1280 2009 ,

168 2017 458 2068 honorificisque
480 2016 603 2054 verbis
630 2028 761 2054 omnes
792 2015 953 2064 injurias
980 2016 1197 2054 revellimus
1215 2028 1281 2053 su-

170 2071 344 2122 perioroe.
392 2070 510 2118 Quod
541 2069 643 2107 idem
673 2068 761 2107 dein
789 2069 977 2120 Apameae
1002 2069 1172 2121 quinque
1201 2069 1283 2107 dies

170 2124 322 2169 morati,
355 2132 392 2162 et
429 2123 619 2174 Synnadis
647 2123 834 2171 triduum,
867 2121 1074 2162 Philomeli
1108 2122 1284 2175 quinque

227 2179 393 2228 (Epist.)
413 2189 440 2215 v
447 2187 592 2217 01..11.
942 2176 968 2212 2
989 2186 1012 2214 c
