1513 2382
321 72 405 112 AD
433 71 719 113 ATTICUM.
750 75 851 113 Lm.
880 76 957 115 IV.
991 77 1054 114 18.
1163 76 1243 120 267

123 179 225 218 mius
242 180 466 221 candidatus
482 184 698 235 pactionem
715 183 756 221 in
776 191 909 222 senatu
928 183 1112 229 recitavit,
1126 196 1246 234 quam

120 233 202 284 ipse
219 241 257 272 et
274 248 368 273 suus
386 237 611 288 competitor
628 237 828 275 Domitius
846 250 935 275 cum
951 237 1169 276 consulibus
1188 237 1244 276 fe-

122 287 272 336 cissent,
285 289 343 327 uti
353 292 468 329 ambo
480 291 552 330 HS
565 292 808 343 quadragena
820 291 1039 330 consulibus
1051 291 1200 338 darent,
1215 291 1247 329 si

123 353 247 380 essent
264 343 337 394 ipsi
356 346 528 383 consules
545 346 650 394 facti,
671 345 745 383 nisi
763 352 838 383 tres
857 358 1021 396 augures
1040 345 1244 393 dedissent,

122 395 191 446 qui
209 409 248 434 se
266 397 418 436 affuisse
436 399 615 447 dicerent,
636 411 724 437 cum
737 400 801 437 lex
814 399 959 438 curiata
969 398 1144 446 ferretur,
1159 412 1247 449 quae

121 448 200 487 lata
217 462 295 488 non
315 458 411 490 esset
422 467 434 500 ;
464 460 501 490 et
524 453 601 491 duo
626 453 854 500 consulares,
875 453 944 504 qui
962 466 1000 491 se
1019 452 1184 491 dicerent
1203 452 1244 489 in

121 503 300 542 ornandis
330 507 533 556 provinciis
559 507 821 546 consularibus
850 507 1046 545 scribendo
1075 506 1244 553 affiiisse,

120 569 211 595 cum
240 560 398 598 omnino
419 573 468 599 ne
492 569 644 600 senatus
668 561 826 612 quidem
851 561 995 599 fuisset.
1035 560 1133 598 Haec
1152 573 1243 611 pac-

122 610 189 660 tio,
221 623 298 650 non
317 615 457 662 verbis,
489 615 555 654 sed
584 615 805 653 nominibus
828 622 865 653 et
889 614 1240 666 perscriptionibus,

122 665 335 704 multorum
354 669 494 707 tabulis
513 682 602 707 cum
623 682 702 708 esse
712 669 812 707 facta
834 668 1034 717 diceretur,
1055 669 1203 719 prolata
1221 681 1245 705 a

122 717 315 758 Memmio
333 730 402 770 est,
425 723 645 762 nominibus
664 723 844 770 inductis,
871 731 1023 761 auctore
1042 722 1243 773 Pompeio.

121 771 203 811 Hic
220 774 376 826 Appius
395 785 474 815 erat
491 777 607 816 idem.
637 777 751 816 Nihil
769 790 859 815 sane
874 778 1044 826 jacturae.
1076 776 1243 814 Corrue-

120 834 179 864 rat
197 828 292 866 alter
308 842 320 874 ς
351 837 388 868 et
405 831 532 882 plane,
552 831 728 883 inquam,
753 831 914 880 jacebat.
938 830 1154 868 Memmius
1173 843 1244 868 au-

120 886 214 929 tem,
235 881 398 922 diremta
420 885 579 923 coitione
603 886 723 924 invito
744 885 921 933 Calvino,
948 885 1063 935 plane
1086 883 1244 922 refrixe-

117 942 202 972 rat:
242 943 278 974 et
307 950 352 975 eo
376 939 499 990 magis
535 952 639 978 nunc
676 939 839 990 cogitare
876 939 1119 987 dictaturam,
1157 944 1244 976 tum

118 987 246 1027 favere
267 991 429 1040 justitio,
450 1000 487 1031 et
505 993 681 1031 omnium
700 1006 828 1031 rerum
846 992 1020 1030 licentiae.

175 1043 353 1096 Perspice
372 1046 591 1098 aequitatem
614 1047 735 1085 animi
753 1047 845 1096 mei,
867 1054 904 1085 et
920 1046 1077 1093 ludum,
1098 1052 1135 1084 et
1154 1058 1245 1084 con-

120 1097 344 1136 temtionem
380 1101 612 1139 Seleucianae
646 1101 865 1152 provinciae,
916 1108 953 1138 et
990 1098 1244 1150 (mehercule)

119 1163 210 1189 cum
230 1151 380 1191 Caesare
398 1154 663 1193 suavissimam
681 1155 1002 1204 conjunctionem,
1023 1154 1123 1201 (haec
1142 1154 1246 1192 enim

120 1217 185 1243 me
211 1218 291 1244 una
317 1220 365 1244 ex
382 1207 455 1246 hoc
479 1209 681 1260 naufragio
710 1209 843 1247 tabula
864 1207 1044 1257 delectat)
1072 1208 1140 1259 qui
1159 1208 1246 1260 qui-

119 1258 209 1296 dem
224 1259 415 1308 Quintum
432 1275 565 1301 meum
577 1271 768 1315 tuumque
783 1263 872 1315 (Dii
885 1262 978 1301 boni
995 1260 1028 1313 1)
1059 1262 1245 1314 quemad-

119 1313 281 1352 modum
296 1322 432 1354 tractat
449 1317 605 1366 honore,
626 1317 826 1369 dignitate,
847 1316 969 1368 gratia
986 1317 995 1354 !
1027 1329 1105 1354 non
1125 1329 1244 1364 secus,

119 1379 165 1405 ac
193 1367 226 1406 si
259 1382 329 1420 ego
357 1383 477 1409 essem
501 1371 719 1423 imperator.
750 1372 927 1410 Hiberna
949 1371 1144 1422 legionum
1178 1371 1247 1409 eli-

117 1422 236 1472 gendi
263 1423 368 1475 optio
396 1425 522 1464 delata
551 1426 813 1472 commodum,
844 1432 889 1464 ut
917 1425 968 1463 ad
996 1438 1060 1463 me
1097 1424 1241 1463 scribit.

119 1475 240 1515 Hunc
258 1483 302 1515 tu
320 1490 399 1516 non
417 1482 549 1519 ames?
579 1481 710 1528 Quem
728 1480 846 1531 igitur
864 1480 1025 1518 istorum
1043 1481 1060 1518 ἓ

142 1557 145 1559 >
173 1530 250 1569 Sed
265 1530 362 1570 heus
386 1540 444 1581 tu,
469 1534 740 1586 scripseramne
765 1534 850 1581 tibi,
876 1546 940 1572 me
962 1546 1041 1572 &sse
1069 1533 1243 1583 legatum

120 1583 320 1636 Pompeio,
352 1593 389 1624 et
418 1594 526 1626 extra
556 1589 707 1627 Urbem
736 1588 894 1639 quidem
919 1587 999 1625 fore
1026 1600 1074 1625 ex
1105 1587 1243 1626 Idibus

119 1637 149 1676 J
151 1650 214 1676 an.
234 1638 248 1676 ?
279 1639 422 1678 Visum
437 1649 494 1680 est
517 1642 590 1681 hoc
606 1643 705 1681 mihi
717 1643 767 1680 ad
785 1643 912 1679 multa
926 1640 1124 1692 quadrare.
1167 1641 1245 1680 Sed

119 1692 215 1743 quid
243 1694 357 1744 plura
370 1697 388 1733 Ρ
419 1695 574 1745 Coram,
601 1697 749 1748 opinor,
778 1696 953 1747 reliqua3
985 1702 1029 1732 ut
1051 1702 1095 1732 tu
1114 1702 1245 1734 tamen

118 1746 266 1797 aliquid
284 1756 490 1800 exspectes.
521 1750 709 1803 Dionysio
734 1750 941 1802 plurimam
963 1749 1150 1787 salutem:
1182 1750 1245 1788 cui

119 1800 278 1851 quidem
296 1815 367 1853 ego
391 1815 470 1841 non
495 1805 611 1843 modo
637 1805 796 1851 servati,
825 1803 890 1842 sed
908 1803 1023 1841 etiam
1044 1802 1242 1852 aedificavi,

118 1854 260 1893 Iocum.
290 1856 399 1904 Quid
416 1859 556 1909 quaeris
568 1859 586 1896 ’ἓ
615 1859 665 1897 ad
689 1871 884 1897 summam
901 1857 1077 1895 laetitiam
1095 1870 1239 1907 meam,

117 1922 237 1960 quam
257 1923 305 1948 ex
323 1917 390 1949 tuo
408 1912 532 1950 reditu
544 1913 666 1964 capio,
682 1924 847 1962 magnus
865 1911 970 1949 illius
988 1911 1154 1949 adventu
1175 1924 1243 1950 cu-

118 1964 251 2002 mulus
271 1965 425 2004 accedit.
455 1966 547 2014 Quo
572 1967 633 2005 die
652 1966 701 2005 ad
719 1979 783 2005 me
811 1966 951 2015 venies,
972 1964 1005 2004 si
1031 1978 1095 2004 me
1119 1978 1242 2015 amaS,

120 2017 225 2069 apud
244 2031 309 2058 me
327 2032 416 2058 cum
437 2022 514 2059 tuis
533 2033 700 2060 maneas.
