1513 2382
261 109 344 148 342
469 106 550 146 AD
582 104 869 147 ATTICUM.
899 105 1001 146 1113.
1030 106 1132 147 VII.
1157 109 1196 154 7.

262 215 366 256 luit:
396 228 444 254 ex
463 212 540 267 quo
569 215 715 254 facttum
738 222 807 264 est,
827 221 873 254 ut
897 214 1039 254 caesari
1067 227 1146 254 non
1171 216 1386 259 succedere-².

264 278 342 308 tur.
369 270 439 308 An
453 269 678 322 publicanos
689 269 708 305 Ρ
737 269 806 321 qui
819 281 1022 321 nunquam
1040 269 1167 318 firmi;
1198 271 1266 310 sed
1282 285 1386 313 nunc

265 324 408 363 Caesari
427 331 516 362 sunt
531 323 760 362 amicissimi.
789 324 859 361 An
877 324 1115 363 foeneratorae
1129 326 1147 363 ?
1175 337 1225 363 an
1244 326 1388 378 agrico-

265 379 322 416 las
333 379 351 415 ἱ)
379 378 522 430 quibus
535 378 816 429 optatissimum
836 387 892 416 δι
910 377 1033 416 otium
1050 393 1060 416 :
1091 378 1164 416 nisi
1179 392 1241 418 eos
1254 381 1389 420 timere

266 440 393 484 putas,
425 444 474 470 ne
513 434 585 470 sub
613 445 730 483 regno
759 432 848 480 sint,
878 432 947 484 qui
973 431 1015 470 id
1042 444 1260 485 nunquam,
1291 434 1388 474 dum

267 486 384 524 modo
402 485 511 524 otiosi
532 494 669 533 essent,
690 484 922 523 recusarunt.

269 563 275 571 ι
322 539 432 587 Quid
458 553 547 590 ergo
564 542 581 577 Ρ
610 539 838 577 Exercitum
856 538 1066 587 retinentis,
1087 552 1176 578 cum
1194 541 1290 593 legis
1309 542 1388 582 dies

267 594 472 639 transierit,
485 593 671 631 rationem
689 593 822 631 haberi
832 593 956 644 placet
971 596 988 632 ?
1016 593 1114 631 mihi
1132 607 1220 632 vero
1238 608 1287 634 ne
1305 598 1391 636 abs-

267 648 365 686 entis
398 647 567 698 quidem.
617 647 706 694 Sed,
733 660 821 685 cum
852 647 893 685 id
921 647 1056 685 datum
1085 654 1154 695 est,
1183 647 1282 687 illud
1310 651 1391 689 una

268 701 406 739 datum
426 708 492 739 est.
521 702 730 739 Annorum
758 701 861 739 enim
880 701 1011 740 decem
1030 701 1251 753 imperium,
1281 711 1318 742 et
1335 705 1391 743 ita

268 755 407 802 latum,
426 755 583 806 placet?
614 755 746 793 Placet
757 755 875 806 igitur
892 755 1009 793 etiam
1031 768 1095 794 me
1113 757 1332 808 expulsum,
1352 765 1392 797 et

267 822 408 860 agrum
428 809 674 860 Campanum
693 809 860 860 periisse,
889 817 927 847 et
945 809 1170 861 adoptatum
1187 811 1393 862 patricium

269 876 294 901 a
312 863 475 914 plebeiO,
498 863 737 901 Gaditanum
762 877 785 901 a
812 863 1064 915 Mitylenaeo:
1096 870 1134 902 et
1152 864 1315 903 Labieni
1334 866 1394 904 di-

270 917 388 963 vitiae,
410 924 446 955 et
465 917 695 965 Mamurrae,
722 918 887 969 placent,
920 924 958 955 et
975 918 1093 956 Balbi
1110 918 1212 956 horti
1230 926 1268 958 et
1291 920 1396 960 Tus-

267 972 468 1008 culanum.
499 971 574 1009 Sed
592 971 731 1009 horum
751 971 927 1010 omnium
945 971 1030 1010 fons
1048 984 1150 1010 unus
1169 980 1237 1011 est.
1265 973 1398 1014 Imbe-

271 1025 360 1062 cillo
379 1025 632 1063 resistendum
650 1025 750 1063 fujt:
782 1032 819 1063 et
832 1025 873 1062 id
892 1032 971 1063 erat
988 1025 1111 1064 facile.
1141 1026 1261 1065 Nunc
1277 1028 1398 1080 legio-

266 1089 339 1117 -nes
358 1078 440 1125 XI,
460 1079 652 1131 equitatus
671 1086 814 1127 tantus,
832 1087 1022 1131 quantum
1042 1080 1170 1125 volet3
1200 1080 1397 1134 Transpa-

270 1132 378 1180 dani,
399 1133 529 1184 plebes
548 1135 709 1180 urbana,
737 1140 793 1171 tot
822 1133 968 1171 tribuni
989 1133 1126 1185 plebis,
1146 1140 1227 1172 tam
1246 1137 1396 1187 perdita¹

266 1187 464 1235 juventus,
486 1187 594 1225 tanta.
612 1187 834 1225 auctoritate
852 1186 948 1236 dux,
968 1188 1076 1225 tanta
1093 1187 1265 1227 audacia.
1292 1191 1397 1230 Cum

273 1239 348 1278 hoc
378 1248 446 1278 aut
464 1241 766 1291 depugnandum
780 1248 850 1289 est,
871 1248 939 1279 aut
952 1241 1129 1280 habenda
1146 1255 1167 1280 e
1183 1242 1268 1294 lege
1285 1245 1396 1284 ratio.

273 1293 482 1345 Depugna,
515 1295 656 1345 inquis,
692 1294 834 1345 potius,
867 1307 985 1346 quam
1010 1295 1172 1334 servias:
1205 1304 1249 1334 ut
1267 1298 1362 1349 quid
1376 1302 1394 1338 Ρ

268 1348 305 1385 si
325 1348 446 1385 vietus
465 1348 550 1395 eris,
571 1349 802 1399 proscribare
816 1351 833 1386 P
864 1349 895 1386 si
907 1348 1052 1397 viceris,
1074 1356 1202 1387 tamen
1222 1352 1360 1391 servias
1374 1355 1393 1392 ?

269 1401 383 1449 Quid
403 1415 505 1452 ergo,
525 1402 668 1453 inquis,
689 1410 842 1440 acturus
860 1404 929 1441 es?
959 1402 1072 1441 Idem
1098 1403 1202 1454 quod
1214 1406 1394 1456 pecudes,

266 1469 375 1507 quae,
393 1455 588 1507 dispulsae‚
605 1456 664 1493 sui
687 1456 834 1506 generis
849 1463 1062 1507 sequuntur
1079 1470 1224 1509 greges.
1252 1459 1310 1498 Ut
1327 1462 1396 1500 bos

266 1518 460 1557 armenta,
489 1510 541 1548 sic
570 1522 640 1560 ego
672 1511 792 1548 bonos
818 1510 930 1558 viros,
962 1518 1030 1548 aut
1055 1523 1130 1560 eos,
1161 1511 1398 1566 quicumque

273 1563 448 1602 dicentur
466 1563 572 1610 boni,
593 1577 743 1615 sequar,
764 1564 880 1602 etiam
899 1564 930 1601 si
948 1572 1071 1603 ruent.

263 1640 270 1649 .-
329 1617 439 1665 Quid
469 1617 520 1655 sit
547 1617 740 1668 optimum
770 1619 872 1656 male
900 1618 1100 1658 contractis
1123 1619 1251 1669 rebus,
1280 1621 1396 1674 plane

276 1672 398 1710 video.
429 1671 589 1709 Nemini
613 1679 668 1709 est
696 1673 798 1710 enim
824 1672 1082 1723 exploratum,
1109 1686 1195 1711 cum
1221 1675 1271 1713 ad
1289 1689 1397 1716 arma

275 1732 436 1764 ventum
456 1733 525 1773 est,
553 1725 649 1777 quid
676 1725 854 1764 futurum
873 1725 947 1764 sit:
977 1733 1016 1764 at
1033 1727 1132 1765 illud
1149 1729 1342 1780 omnibus,
1366 1731 1398 1770 si

272 1780 370 1818 boni
388 1779 478 1818 victi
496 1788 599 1827 sunt,
617 1780 739 1818 necin
757 1780 859 1820 caede
876 1780 1096 1832 principum
1115 1782 1400 1823 clementiorem

276 1834 382 1872 hunc
406 1834 501 1880 fore,
533 1846 651 1885 quam
685 1833 811 1872 Cinna
838 1834 967 1881 fuerit,
995 1846 1066 1873 nec
1093 1835 1399 1889 moderatiorem,

276 1900 397 1940 quam
417 1888 539 1935 Sulla,
559 1888 600 1925 in
618 1888 789 1939 pecuniis
807 1888 1070 1940 locupletium.
1102 1896 1400 1938 Εμπολιτευομαι

284 1956 339 1979 σοι
356 1942 591 1991 jamdudum
608 1957 618 1980 ε
651 1950 688 1980 et
701 1942 868 1980 facerem
888 1942 1046 1990 diutius,
1070 1942 1144 1981 nisi
1161 1955 1226 1981 me
1244 1944 1400 1984 lucerna

276 1994 474 2034 desereret.
504 1996 573 2033 Ad
592 2009 799 2044 summam,
831 1999 859 2019 “
878 1995 967 2044 Dic,
989 1997 1050 2034 M.
1071 1997 1225 2035 Tulli.”
1251 1999 1401 2039 Assen-

277 2049 350 2087 tior
369 2050 441 2088 Cn.
464 2050 664 2101 Pompeio,
684 2050 725 2088 id
743 2057 798 2089 est
816 2049 865 2088 T.
888 2050 1115 2102 Pomponio.

329 2103 505 2152 Alexim,
526 2104 852 2143 humanissimum
873 2117 1052 2156 puerum,
1079 2104 1153 2143 nisi
1171 2103 1281 2155 forte,
1302 2106 1397 2146 dum

276 2170 347 2208 ego
379 2159 531 2207 absum,
570 2159 785 2197 adolescens
814 2159 938 2197 factus
963 2167 1033 2209 est,
1065 2159 1122 2205 (id
1152 2159 1255 2198 enim
1287 2174 1399 2212 agere

275 2210 493 2260 videbatur)
516 2212 656 2251 salvere
673 2214 822 2262 jubeas,
844 2212 971 2252 velim.
