<?xml version="1.0" encoding="UTF-8"?>
<!DOCTYPE html PUBLIC "-//W3C//DTD XHTML 1.0 Transitional//EN"
    "http://www.w3.org/TR/xhtml1/DTD/xhtml1-transitional.dtd">
<html xmlns="http://www.w3.org/1999/xhtml" xml:lang="en" lang="en">
 <head>
  <title>
</title>
<meta http-equiv="Content-Type" content="text/html;charset=utf-8" />
  <meta name='ocr-system' content='tesseract 3.04.00' />
  <meta name='ocr-capabilities' content='ocr_page ocr_carea ocr_par ocr_line ocrx_word'/>
</head>
<body>
  <div class='ocr_page' id='page_1' title='image "./operaern10ciceuoft_0194.png"; bbox 0 0 1513 2382; ppageno 0'>
   <div class='ocr_carea' id='block_1_1' title="bbox 224 75 1111 115">
    <p class='ocr_par' dir='ltr' id='par_1_1' title="bbox 224 75 1111 115">
     <span class='ocr_line' id='line_1_1' title="bbox 224 75 1111 115; baseline 0 -1"><span class='ocrx_word' id='word_1_1' title='bbox 224 77 297 114; x_wconf 84' lang='lat'><strong>180</strong></span> <span class='ocrx_word' id='word_1_2' title='bbox 432 76 515 114; x_wconf 86' lang='lat' dir='ltr'><strong>AD</strong></span> <span class='ocrx_word' id='word_1_3' title='bbox 543 75 827 115; x_wconf 85' lang='lat' dir='ltr'><strong>ATTICUM.</strong></span> <span class='ocrx_word' id='word_1_4' title='bbox 858 75 956 114; x_wconf 79' lang='lat' dir='ltr'><strong>Lm.</strong></span> <span class='ocrx_word' id='word_1_5' title='bbox 986 76 1043 115; x_wconf 90' lang='lat' dir='ltr'><strong>II.</strong></span> <span class='ocrx_word' id='word_1_6' title='bbox 1078 76 1111 114; x_wconf 90' lang='lat'><strong>1.</strong></span> 
     </span>
    </p>
   </div>
   <div class='ocr_carea' id='block_1_2' title="bbox 213 181 1334 2219">
    <p class='ocr_par' dir='ltr' id='par_1_2' title="bbox 213 181 1327 932">
     <span class='ocr_line' id='line_1_2' title="bbox 217 181 1322 235; baseline -0.001 -13"><span class='ocrx_word' id='word_1_7' title='bbox 217 183 418 222; x_wconf 81' lang='lat' dir='ltr'><strong>refrixisse.</strong></span> <span class='ocrx_word' id='word_1_8' title='bbox 448 183 566 232; x_wconf 89' lang='lat' dir='ltr'><strong>Quod</strong></span> <span class='ocrx_word' id='word_1_9' title='bbox 594 196 657 221; x_wconf 90' lang='lat' dir='ltr'><strong>me</strong></span> <span class='ocrx_word' id='word_1_10' title='bbox 685 183 853 235; x_wconf 89' lang='lat' dir='ltr'><strong>quodam</strong></span> <span class='ocrx_word' id='word_1_11' title='bbox 877 181 1006 233; x_wconf 88' lang='lat' dir='ltr'><strong>modo,</strong></span> <span class='ocrx_word' id='word_1_12' title='bbox 1028 183 1136 222; x_wconf 88' lang='lat' dir='ltr'><strong>molli</strong></span> <span class='ocrx_word' id='word_1_13' title='bbox 1155 182 1322 230; x_wconf 82' lang='lat' dir='ltr'><strong>brachio,</strong></span> 
     </span>
     <span class='ocr_line' id='line_1_3' title="bbox 217 236 1325 289; baseline 0 -14"><span class='ocrx_word' id='word_1_14' title='bbox 217 238 265 275; x_wconf 87' lang='lat' dir='ltr'><strong>de</strong></span> <span class='ocrx_word' id='word_1_15' title='bbox 284 237 459 289; x_wconf 87' lang='lat' dir='ltr'><strong>Pompeii</strong></span> <span class='ocrx_word' id='word_1_16' title='bbox 481 237 737 276; x_wconf 83' lang='lat' dir='ltr'><strong>familiaritate</strong></span> <span class='ocrx_word' id='word_1_17' title='bbox 755 238 957 289; x_wconf 87' lang='lat' dir='ltr'><strong>objurgas;</strong></span> <span class='ocrx_word' id='word_1_18' title='bbox 987 237 1107 275; x_wconf 91' lang='lat' dir='ltr'><strong>nolim</strong></span> <span class='ocrx_word' id='word_1_19' title='bbox 1125 237 1180 275; x_wconf 88' lang='lat' dir='ltr'><strong>ita</strong></span> <span class='ocrx_word' id='word_1_20' title='bbox 1197 236 1325 275; x_wconf 85' lang='lat' dir='ltr'><strong>existi-</strong></span> 
     </span>
     <span class='ocr_line' id='line_1_4' title="bbox 216 291 1323 343; baseline -0.001 -14"><span class='ocrx_word' id='word_1_21' title='bbox 216 304 312 339; x_wconf 87' lang='lat' dir='ltr'><strong>mes,</strong></span> <span class='ocrx_word' id='word_1_22' title='bbox 341 304 404 330; x_wconf 90' lang='lat' dir='ltr'><strong>me</strong></span> <span class='ocrx_word' id='word_1_23' title='bbox 434 291 511 330; x_wconf 90' lang='lat' dir='ltr'><strong>mei</strong></span> <span class='ocrx_word' id='word_1_24' title='bbox 538 291 701 343; x_wconf 87' lang='lat' dir='ltr'><strong>praesidii</strong></span> <span class='ocrx_word' id='word_1_25' title='bbox 733 291 848 329; x_wconf 61' lang='lat' dir='ltr'><strong>causa</strong></span> <span class='ocrx_word' id='word_1_26' title='bbox 871 304 960 330; x_wconf 89' lang='lat' dir='ltr'><strong>cum</strong></span> <span class='ocrx_word' id='word_1_27' title='bbox 982 291 1049 329; x_wconf 89' lang='lat' dir='ltr'><strong>illo</strong></span> <span class='ocrx_word' id='word_1_28' title='bbox 1076 291 1323 340; x_wconf 89' lang='lat' dir='ltr'><strong>conjunctum</strong></span> 
     </span>
     <span class='ocr_line' id='line_1_5' title="bbox 216 344 1325 393; baseline -0.001 -10"><span class='ocrx_word' id='word_1_29' title='bbox 216 358 318 383; x_wconf 50' lang='lat' dir='ltr'><strong>esse.</strong></span> <span class='ocrx_word' id='word_1_30' title='bbox 348 345 414 383; x_wconf 89' lang='lat' dir='ltr'><strong>sed</strong></span> <span class='ocrx_word' id='word_1_31' title='bbox 431 345 485 383; x_wconf 84' lang='lat' dir='ltr'><strong>ita</strong></span> <span class='ocrx_word' id='word_1_32' title='bbox 501 357 559 383; x_wconf 66' lang='grc'><strong>188</strong></span> <span class='ocrx_word' id='word_1_33' title='bbox 579 351 658 382; x_wconf 85' lang='lat' dir='ltr'><strong>erat</strong></span> <span class='ocrx_word' id='word_1_34' title='bbox 674 344 861 392; x_wconf 82' lang='lat' dir='ltr'><strong>instituta,</strong></span> <span class='ocrx_word' id='word_1_35' title='bbox 888 352 945 393; x_wconf 88' lang='lat' dir='ltr'><strong>ut,</strong></span> <span class='ocrx_word' id='word_1_36' title='bbox 972 344 1003 383; x_wconf 93' lang='lat' dir='ltr'><strong>si</strong></span> <span class='ocrx_word' id='word_1_37' title='bbox 1026 345 1124 382; x_wconf 88' lang='lat' dir='ltr'><strong>inter</strong></span> <span class='ocrx_word' id='word_1_38' title='bbox 1141 357 1211 382; x_wconf 89' lang='lat' dir='ltr'><strong>nos</strong></span> <span class='ocrx_word' id='word_1_39' title='bbox 1230 351 1325 382; x_wconf 88' lang='lat' dir='ltr'><strong>esset</strong></span> 
     </span>
     <span class='ocr_line' id='line_1_6' title="bbox 214 397 1325 459; baseline -0.001 -22"><span class='ocrx_word' id='word_1_40' title='bbox 214 399 344 450; x_wconf 89' lang='lat' dir='ltr'><strong>aliqua</strong></span> <span class='ocrx_word' id='word_1_41' title='bbox 361 399 456 437; x_wconf 86' lang='lat' dir='ltr'><strong>forte</strong></span> <span class='ocrx_word' id='word_1_42' title='bbox 485 398 678 445; x_wconf 82' lang='lat' dir='ltr'><strong>dissensio,</strong></span> <span class='ocrx_word' id='word_1_43' title='bbox 698 398 886 436; x_wconf 81' lang='lat' dir='ltr'><strong>maximas</strong></span> <span class='ocrx_word' id='word_1_44' title='bbox 904 399 944 436; x_wconf 91' lang='lat' dir='ltr'><strong>in</strong></span> <span class='ocrx_word' id='word_1_45' title='bbox 971 398 1167 459; x_wconf 86' lang='lat' dir='ltr'>republica</span> <span class='ocrx_word' id='word_1_46' title='bbox 1185 397 1325 436; x_wconf 82' lang='lat' dir='ltr'><strong>discor-</strong></span> 
     </span>
     <span class='ocr_line' id='line_1_7' title="bbox 213 452 1324 503; baseline -0.002 -12"><span class='ocrx_word' id='word_1_47' title='bbox 213 452 295 491; x_wconf 87' lang='lat' dir='ltr'><strong>dias</strong></span> <span class='ocrx_word' id='word_1_48' title='bbox 313 453 451 491; x_wconf 89' lang='lat' dir='ltr'><strong>versari</strong></span> <span class='ocrx_word' id='word_1_49' title='bbox 469 460 564 490; x_wconf 50' lang='lat' dir='ltr'><strong>&amp;sset</strong></span> <span class='ocrx_word' id='word_1_50' title='bbox 577 464 734 489; x_wconf 56' lang='grc'>11888558.</span> <span class='ocrx_word' id='word_1_51' title='bbox 763 452 881 499; x_wconf 88' lang='lat' dir='ltr'><strong>Quod</strong></span> <span class='ocrx_word' id='word_1_52' title='bbox 898 466 922 490; x_wconf 92' lang='lat' dir='ltr'><strong>a</strong></span> <span class='ocrx_word' id='word_1_53' title='bbox 939 464 1001 490; x_wconf 92' lang='lat' dir='ltr'><strong>me</strong></span> <span class='ocrx_word' id='word_1_54' title='bbox 1019 452 1073 489; x_wconf 87' lang='lat' dir='ltr'><strong>ita</strong></span> <span class='ocrx_word' id='word_1_55' title='bbox 1089 458 1324 503; x_wconf 85' lang='lat' dir='ltr'><strong>praecautum</strong></span> 
     </span>
     <span class='ocr_line' id='line_1_8' title="bbox 214 504 1325 557; baseline -0.001 -13"><span class='ocrx_word' id='word_1_56' title='bbox 214 514 329 557; x_wconf 88' lang='lat' dir='ltr'><strong>atque</strong></span> <span class='ocrx_word' id='word_1_57' title='bbox 353 506 407 544; x_wconf 86' lang='lat' dir='ltr'><strong>ita</strong></span> <span class='ocrx_word' id='word_1_58' title='bbox 434 506 629 557; x_wconf 88' lang='lat' dir='ltr'><strong>provisum</strong></span> <span class='ocrx_word' id='word_1_59' title='bbox 655 513 724 553; x_wconf 88' lang='lat' dir='ltr'><strong>est,</strong></span> <span class='ocrx_word' id='word_1_60' title='bbox 746 517 824 543; x_wconf 91' lang='lat' dir='ltr'><strong>non</strong></span> <span class='ocrx_word' id='word_1_61' title='bbox 849 513 894 543; x_wconf 94' lang='lat' dir='ltr'><strong>ut</strong></span> <span class='ocrx_word' id='word_1_62' title='bbox 923 518 992 556; x_wconf 85' lang='lat' dir='ltr'><strong>ego</strong></span> <span class='ocrx_word' id='word_1_63' title='bbox 1016 505 1063 543; x_wconf 91' lang='lat' dir='ltr'><strong>de</strong></span> <span class='ocrx_word' id='word_1_64' title='bbox 1093 505 1240 556; x_wconf 86' lang='lat' dir='ltr'><strong>optima</strong></span> <span class='ocrx_word' id='word_1_65' title='bbox 1256 504 1325 543; x_wconf 85' lang='lat' dir='ltr'><strong>illa</strong></span> 
     </span>
     <span class='ocr_line' id='line_1_9' title="bbox 213 558 1326 606; baseline -0.002 -8"><span class='ocrx_word' id='word_1_66' title='bbox 213 573 303 598; x_wconf 84' lang='lat' dir='ltr'><strong>mea</strong></span> <span class='ocrx_word' id='word_1_67' title='bbox 320 560 463 598; x_wconf 87' lang='lat' dir='ltr'><strong>ratione</strong></span> <span class='ocrx_word' id='word_1_68' title='bbox 487 559 719 606; x_wconf 82' lang='lat' dir='ltr'><strong>decederem,</strong></span> <span class='ocrx_word' id='word_1_69' title='bbox 744 558 808 597; x_wconf 89' lang='lat' dir='ltr'><strong>sed</strong></span> <span class='ocrx_word' id='word_1_70' title='bbox 833 566 878 596; x_wconf 91' lang='lat' dir='ltr'><strong>ut</strong></span> <span class='ocrx_word' id='word_1_71' title='bbox 905 559 971 597; x_wconf 86' lang='lat' dir='ltr'><strong>ille</strong></span> <span class='ocrx_word' id='word_1_72' title='bbox 1000 565 1095 597; x_wconf 89' lang='lat' dir='ltr'><strong>esset</strong></span> <span class='ocrx_word' id='word_1_73' title='bbox 1112 558 1260 606; x_wconf 90' lang='lat' dir='ltr'><strong>melior,</strong></span> <span class='ocrx_word' id='word_1_74' title='bbox 1287 565 1326 596; x_wconf 88' lang='lat' dir='ltr'><strong>et</strong></span> 
     </span>
     <span class='ocr_line' id='line_1_10' title="bbox 215 611 1325 673; baseline -0.001 -22"><span class='ocrx_word' id='word_1_75' title='bbox 215 613 362 673; x_wconf 83' lang='lat' dir='ltr'><strong>ahquid</strong></span> <span class='ocrx_word' id='word_1_76' title='bbox 391 613 437 651; x_wconf 92' lang='lat' dir='ltr'><strong>de</strong></span> <span class='ocrx_word' id='word_1_77' title='bbox 466 612 642 673; x_wconf 82' lang='lat' dir='ltr'><strong>populari</strong></span> <span class='ocrx_word' id='word_1_78' title='bbox 672 612 824 650; x_wconf 87' lang='lat' dir='ltr'><strong>levitate</strong></span> <span class='ocrx_word' id='word_1_79' title='bbox 860 611 1089 663; x_wconf 86' lang='lat' dir='ltr'><strong>deponeret:</strong></span> <span class='ocrx_word' id='word_1_80' title='bbox 1130 624 1246 663; x_wconf 91' lang='lat' dir='ltr'><strong>quem</strong></span> <span class='ocrx_word' id='word_1_81' title='bbox 1277 612 1325 650; x_wconf 88' lang='lat' dir='ltr'><strong>de</strong></span> 
     </span>
     <span class='ocr_line' id='line_1_11' title="bbox 214 665 1326 717; baseline -0.002 -12"><span class='ocrx_word' id='word_1_82' title='bbox 214 667 310 705; x_wconf 84' lang='lat' dir='ltr'><strong>meis</strong></span> <span class='ocrx_word' id='word_1_83' title='bbox 342 669 469 713; x_wconf 87' lang='lat' dir='ltr'><strong>rebus,</strong></span> <span class='ocrx_word' id='word_1_84' title='bbox 502 666 543 703; x_wconf 87' lang='lat' dir='ltr'><strong>in</strong></span> <span class='ocrx_word' id='word_1_85' title='bbox 573 678 668 717; x_wconf 89' lang='lat' dir='ltr'><strong>quas</strong></span> <span class='ocrx_word' id='word_1_86' title='bbox 697 678 786 703; x_wconf 90' lang='lat' dir='ltr'><strong>eum</strong></span> <span class='ocrx_word' id='word_1_87' title='bbox 815 666 930 703; x_wconf 91' lang='lat' dir='ltr'><strong>multi</strong></span> <span class='ocrx_word' id='word_1_88' title='bbox 958 665 1172 712; x_wconf 83' lang='lat' dir='ltr'><strong>incitarant,</strong></span> <span class='ocrx_word' id='word_1_89' title='bbox 1201 666 1326 703; x_wconf 85' lang='lat' dir='ltr'><strong>multo</strong></span> 
     </span>
     <span class='ocr_line' id='line_1_12' title="bbox 215 719 1325 770; baseline -0.002 -12"><span class='ocrx_word' id='word_1_90' title='bbox 215 720 307 758; x_wconf 92' lang='lat' dir='ltr'><strong>scito</strong></span> <span class='ocrx_word' id='word_1_91' title='bbox 325 719 541 770; x_wconf 86' lang='lat' dir='ltr'><strong>gloriosius,</strong></span> <span class='ocrx_word' id='word_1_92' title='bbox 561 732 679 770; x_wconf 88' lang='lat' dir='ltr'><strong>quam</strong></span> <span class='ocrx_word' id='word_1_93' title='bbox 698 719 745 757; x_wconf 89' lang='lat' dir='ltr'><strong>de</strong></span> <span class='ocrx_word' id='word_1_94' title='bbox 764 719 856 767; x_wconf 85' lang='lat' dir='ltr'><strong>suis,</strong></span> <span class='ocrx_word' id='word_1_95' title='bbox 876 719 1102 770; x_wconf 82' lang='lat' dir='ltr'><strong>praedicare:</strong></span> <span class='ocrx_word' id='word_1_96' title='bbox 1132 719 1205 756; x_wconf 88' lang='lat' dir='ltr'><strong>sibi</strong></span> <span class='ocrx_word' id='word_1_97' title='bbox 1223 719 1325 757; x_wconf 89' lang='lat' dir='ltr'><strong>enim</strong></span> 
     </span>
     <span class='ocr_line' id='line_1_13' title="bbox 216 772 1327 824; baseline -0.002 -12"><span class='ocrx_word' id='word_1_98' title='bbox 216 775 312 812; x_wconf 91' lang='lat' dir='ltr'><strong>bene</strong></span> <span class='ocrx_word' id='word_1_99' title='bbox 340 781 469 824; x_wconf 84' lang='lat' dir='ltr'><strong>gestae,</strong></span> <span class='ocrx_word' id='word_1_100' title='bbox 500 772 597 810; x_wconf 87' lang='lat' dir='ltr'><strong>mihi</strong></span> <span class='ocrx_word' id='word_1_101' title='bbox 625 780 864 820; x_wconf 84' lang='lat' dir='ltr'><strong>conservatae,</strong></span> <span class='ocrx_word' id='word_1_102' title='bbox 890 773 1107 824; x_wconf 80' lang='lat' dir='ltr'><strong>reipublicae</strong></span> <span class='ocrx_word' id='word_1_103' title='bbox 1131 772 1198 810; x_wconf 87' lang='lat' dir='ltr'><strong>dat</strong></span> <span class='ocrx_word' id='word_1_104' title='bbox 1223 773 1327 811; x_wconf 68' lang='lat' dir='ltr'><strong>testi-</strong></span> 
     </span>
     <span class='ocr_line' id='line_1_14' title="bbox 214 826 1327 878; baseline 0 -14"><span class='ocrx_word' id='word_1_105' title='bbox 214 827 402 865; x_wconf 83' lang='lat' dir='ltr'><strong>monium.</strong></span> <span class='ocrx_word' id='word_1_106' title='bbox 433 827 522 865; x_wconf 89' lang='lat' dir='ltr'><strong>Hoc</strong></span> <span class='ocrx_word' id='word_1_107' title='bbox 550 826 672 865; x_wconf 87' lang='lat' dir='ltr'><strong>facere</strong></span> <span class='ocrx_word' id='word_1_108' title='bbox 700 827 826 874; x_wconf 85' lang='lat' dir='ltr'><strong>illum,</strong></span> <span class='ocrx_word' id='word_1_109' title='bbox 846 826 944 865; x_wconf 88' lang='lat' dir='ltr'><strong>mihi</strong></span> <span class='ocrx_word' id='word_1_110' title='bbox 971 839 1090 878; x_wconf 87' lang='lat' dir='ltr'><strong>quam</strong></span> <span class='ocrx_word' id='word_1_111' title='bbox 1106 826 1240 878; x_wconf 87' lang='lat' dir='ltr'><strong>prosit,</strong></span> <span class='ocrx_word' id='word_1_112' title='bbox 1260 839 1327 864; x_wconf 91' lang='lat' dir='ltr'><strong>ne-</strong></span> 
     </span>
     <span class='ocr_line' id='line_1_15' title="bbox 214 880 856 942; baseline -0.002 -23"><span class='ocrx_word' id='word_1_113' title='bbox 214 880 314 926; x_wconf 85' lang='grc' dir='ltr'>581ος</span> <span class='ocrx_word' id='word_1_114' title='bbox 343 880 561 942; x_wconf 79' lang='lat' dir='ltr'><strong>reipublicae</strong></span> <span class='ocrx_word' id='word_1_115' title='bbox 577 888 675 918; x_wconf 78' lang='lat' dir='ltr'><strong>certe</strong></span> <span class='ocrx_word' id='word_1_116' title='bbox 694 880 856 932; x_wconf 83' lang='lat' dir='ltr'><strong>prodest.</strong></span> 
     </span>
    </p>

    <p class='ocr_par' dir='ltr' id='par_1_3' title="bbox 214 934 1333 1844">
     <span class='ocr_line' id='line_1_16' title="bbox 269 934 1328 986; baseline -0.001 -14"><span class='ocrx_word' id='word_1_117' title='bbox 269 934 391 982; x_wconf 88' lang='lat' dir='ltr'><strong>Quid,</strong></span> <span class='ocrx_word' id='word_1_118' title='bbox 421 935 453 972; x_wconf 89' lang='lat' dir='ltr'><strong>si</strong></span> <span class='ocrx_word' id='word_1_119' title='bbox 472 934 587 972; x_wconf 85' lang='lat' dir='ltr'><strong>etiam</strong></span> <span class='ocrx_word' id='word_1_120' title='bbox 620 934 809 972; x_wconf 86' lang='lat' dir='ltr'><strong>Caesarem</strong></span> <span class='ocrx_word' id='word_1_121' title='bbox 831 935 957 986; x_wconf 87' lang='lat' dir='ltr'><strong>(cujus</strong></span> <span class='ocrx_word' id='word_1_122' title='bbox 979 946 1082 973; x_wconf 91' lang='lat' dir='ltr'><strong>nunc</strong></span> <span class='ocrx_word' id='word_1_123' title='bbox 1099 934 1201 973; x_wconf 85' lang='lat' dir='ltr'><strong>venti</strong></span> <span class='ocrx_word' id='word_1_124' title='bbox 1218 934 1328 972; x_wconf 85' lang='lat' dir='ltr'><strong>valde</strong></span> 
     </span>
     <span class='ocr_line' id='line_1_17' title="bbox 214 987 1328 1036; baseline -0.001 -10"><span class='ocrx_word' id='word_1_125' title='bbox 214 995 306 1027; x_wconf 88' lang='lat' dir='ltr'><strong>sunt</strong></span> <span class='ocrx_word' id='word_1_126' title='bbox 324 988 493 1036; x_wconf 87' lang='lat' dir='ltr'><strong>secundi)</strong></span> <span class='ocrx_word' id='word_1_127' title='bbox 513 987 628 1026; x_wconf 88' lang='lat' dir='ltr'><strong>reddo</strong></span> <span class='ocrx_word' id='word_1_128' title='bbox 647 988 842 1026; x_wconf 89' lang='lat' dir='ltr'><strong>meliorem</strong></span> <span class='ocrx_word' id='word_1_129' title='bbox 861 991 878 1027; x_wconf 68' lang='grc' dir='ltr'><strong><em>ἓ</em></strong></span> <span class='ocrx_word' id='word_1_130' title='bbox 908 1001 1002 1026; x_wconf 82' lang='grc'>1111111</span> <span class='ocrx_word' id='word_1_131' title='bbox 1021 995 1172 1026; x_wconf 86' lang='lat' dir='ltr'><strong>tantum</strong></span> <span class='ocrx_word' id='word_1_132' title='bbox 1190 989 1328 1026; x_wconf 87' lang='lat' dir='ltr'><strong>obsum</strong></span> 
     </span>
     <span class='ocr_line' id='line_1_18' title="bbox 215 1041 1326 1093; baseline -0.001 -14"><span class='ocrx_word' id='word_1_133' title='bbox 215 1041 434 1093; x_wconf 88' lang='lat' dir='ltr'><strong>reipublicae</strong></span> <span class='ocrx_word' id='word_1_134' title='bbox 447 1044 465 1080; x_wconf 72' lang='lat'><strong>‚⁹</strong></span> <span class='ocrx_word' id='word_1_135' title='bbox 494 1041 603 1089; x_wconf 89' lang='lat' dir='ltr'><strong>Quin</strong></span> <span class='ocrx_word' id='word_1_136' title='bbox 629 1041 758 1090; x_wconf 85' lang='lat' dir='ltr'><strong>etiam,</strong></span> <span class='ocrx_word' id='word_1_137' title='bbox 791 1042 824 1079; x_wconf 90' lang='lat' dir='ltr'><strong>si</strong></span> <span class='ocrx_word' id='word_1_138' title='bbox 851 1042 949 1080; x_wconf 89' lang='lat' dir='ltr'><strong>mihi</strong></span> <span class='ocrx_word' id='word_1_139' title='bbox 973 1055 1086 1081; x_wconf 88' lang='lat' dir='ltr'><strong>nemo</strong></span> <span class='ocrx_word' id='word_1_140' title='bbox 1117 1041 1326 1086; x_wconf 86' lang='lat' dir='ltr'><strong>invideret;</strong></span> 
     </span>
     <span class='ocr_line' id='line_1_19' title="bbox 215 1095 1325 1146; baseline -0.002 -13"><span class='ocrx_word' id='word_1_141' title='bbox 215 1096 248 1134; x_wconf 92' lang='lat' dir='ltr'><strong>si</strong></span> <span class='ocrx_word' id='word_1_142' title='bbox 281 1107 428 1142; x_wconf 88' lang='lat' dir='ltr'><strong>omnes,</strong></span> <span class='ocrx_word' id='word_1_143' title='bbox 456 1102 502 1133; x_wconf 88' lang='lat' dir='ltr'><strong>ut</strong></span> <span class='ocrx_word' id='word_1_144' title='bbox 530 1102 609 1133; x_wconf 90' lang='lat' dir='ltr'><strong>erat</strong></span> <span class='ocrx_word' id='word_1_145' title='bbox 641 1108 810 1146; x_wconf 84' lang='lat' dir='ltr'><strong>aequum,</strong></span> <span class='ocrx_word' id='word_1_146' title='bbox 847 1095 1044 1141; x_wconf 86' lang='lat' dir='ltr'><strong>faverent;</strong></span> <span class='ocrx_word' id='word_1_147' title='bbox 1086 1103 1215 1133; x_wconf 85' lang='lat' dir='ltr'><strong>tamen</strong></span> <span class='ocrx_word' id='word_1_148' title='bbox 1250 1106 1325 1132; x_wconf 89' lang='lat' dir='ltr'><strong>non</strong></span> 
     </span>
     <span class='ocr_line' id='line_1_20' title="bbox 215 1148 1329 1200; baseline -0.001 -13"><span class='ocrx_word' id='word_1_149' title='bbox 215 1149 345 1187; x_wconf 89' lang='lat' dir='ltr'><strong>minus</strong></span> <span class='ocrx_word' id='word_1_150' title='bbox 363 1156 460 1187; x_wconf 67' lang='lat' dir='ltr'><strong>oeset</strong></span> <span class='ocrx_word' id='word_1_151' title='bbox 477 1148 673 1200; x_wconf 88' lang='lat' dir='ltr'><strong>probanda</strong></span> <span class='ocrx_word' id='word_1_152' title='bbox 686 1149 887 1196; x_wconf 84' lang='lat' dir='ltr'><strong>medicina,</strong></span> <span class='ocrx_word' id='word_1_153' title='bbox 907 1163 994 1200; x_wconf 88' lang='lat' dir='ltr'><strong>quae</strong></span> <span class='ocrx_word' id='word_1_154' title='bbox 1012 1156 1160 1188; x_wconf 81' lang='lat' dir='ltr'><strong>sanaret</strong></span> <span class='ocrx_word' id='word_1_155' title='bbox 1177 1148 1329 1186; x_wconf 83' lang='lat' dir='ltr'><strong>vitiosas</strong></span> 
     </span>
     <span class='ocr_line' id='line_1_21' title="bbox 215 1202 1328 1254; baseline -0.002 -13"><span class='ocrx_word' id='word_1_156' title='bbox 215 1210 342 1254; x_wconf 84' lang='lat' dir='ltr'><strong>partes</strong></span> <span class='ocrx_word' id='word_1_157' title='bbox 360 1202 592 1254; x_wconf 84' lang='lat' dir='ltr'><strong>reipublicae,</strong></span> <span class='ocrx_word' id='word_1_158' title='bbox 613 1215 730 1253; x_wconf 91' lang='lat' dir='ltr'><strong>quam</strong></span> <span class='ocrx_word' id='word_1_159' title='bbox 755 1216 842 1253; x_wconf 89' lang='lat' dir='ltr'><strong>quae</strong></span> <span class='ocrx_word' id='word_1_160' title='bbox 860 1209 1059 1241; x_wconf 85' lang='lat' dir='ltr'><strong>exsecaret.</strong></span> <span class='ocrx_word' id='word_1_161' title='bbox 1089 1203 1208 1240; x_wconf 86' lang='lat' dir='ltr'><strong>Nunc</strong></span> <span class='ocrx_word' id='word_1_162' title='bbox 1225 1214 1328 1249; x_wconf 85' lang='lat' dir='ltr'><strong>vero,</strong></span> 
     </span>
     <span class='ocr_line' id='line_1_22' title="bbox 216 1254 1330 1307; baseline -0.001 -13"><span class='ocrx_word' id='word_1_163' title='bbox 216 1269 306 1294; x_wconf 90' lang='lat' dir='ltr'><strong>cum</strong></span> <span class='ocrx_word' id='word_1_164' title='bbox 325 1257 515 1307; x_wconf 85' lang='lat' dir='ltr'><strong>equitatus</strong></span> <span class='ocrx_word' id='word_1_165' title='bbox 533 1255 611 1302; x_wconf 85' lang='lat' dir='ltr'><strong>ille,</strong></span> <span class='ocrx_word' id='word_1_166' title='bbox 632 1269 747 1306; x_wconf 92' lang='lat' dir='ltr'><strong>quem</strong></span> <span class='ocrx_word' id='word_1_167' title='bbox 771 1269 840 1307; x_wconf 88' lang='lat' dir='ltr'><strong>ego</strong></span> <span class='ocrx_word' id='word_1_168' title='bbox 857 1256 898 1293; x_wconf 92' lang='lat' dir='ltr'><strong>in</strong></span> <span class='ocrx_word' id='word_1_169' title='bbox 923 1256 1019 1295; x_wconf 89' lang='lat' dir='ltr'><strong>clivo</strong></span> <span class='ocrx_word' id='word_1_170' title='bbox 1040 1254 1272 1307; x_wconf 85' lang='lat' dir='ltr'><strong>Capitolino,</strong></span> <span class='ocrx_word' id='word_1_171' title='bbox 1292 1262 1330 1294; x_wconf 87' lang='lat' dir='ltr'><strong>te</strong></span> 
     </span>
     <span class='ocr_line' id='line_1_23' title="bbox 215 1309 1330 1360; baseline 0 -13"><span class='ocrx_word' id='word_1_172' title='bbox 215 1309 394 1360; x_wconf 78' lang='lat' dir='ltr'><strong>signifero</strong></span> <span class='ocrx_word' id='word_1_173' title='bbox 421 1322 465 1348; x_wconf 90' lang='lat' dir='ltr'><strong>ac</strong></span> <span class='ocrx_word' id='word_1_174' title='bbox 493 1309 677 1360; x_wconf 84' lang='lat' dir='ltr'><strong>principe,</strong></span> <span class='ocrx_word' id='word_1_175' title='bbox 709 1310 956 1359; x_wconf 57' lang='lat' dir='ltr'><strong>collocaram„</strong></span> <span class='ocrx_word' id='word_1_176' title='bbox 979 1318 1154 1348; x_wconf 86' lang='lat' dir='ltr'><strong>senatum</strong></span> <span class='ocrx_word' id='word_1_177' title='bbox 1178 1309 1330 1347; x_wconf 88' lang='lat' dir='ltr'><strong>deseru-</strong></span> 
     </span>
     <span class='ocr_line' id='line_1_24' title="bbox 216 1363 1332 1414; baseline -0.001 -13"><span class='ocrx_word' id='word_1_178' title='bbox 216 1364 312 1408; x_wconf 83' lang='lat' dir='ltr'><strong>erit3</strong></span> <span class='ocrx_word' id='word_1_179' title='bbox 342 1363 460 1401; x_wconf 86' lang='lat' dir='ltr'><strong>nostri</strong></span> <span class='ocrx_word' id='word_1_180' title='bbox 478 1370 607 1401; x_wconf 89' lang='lat' dir='ltr'><strong>autem</strong></span> <span class='ocrx_word' id='word_1_181' title='bbox 629 1363 817 1414; x_wconf 49' lang='lat' dir='ltr'><strong>principes</strong></span> <span class='ocrx_word' id='word_1_182' title='bbox 842 1363 960 1414; x_wconf 85' lang='lat' dir='ltr'><strong>digito</strong></span> <span class='ocrx_word' id='word_1_183' title='bbox 983 1377 1021 1402; x_wconf 87' lang='lat' dir='ltr'><strong>se</strong></span> <span class='ocrx_word' id='word_1_184' title='bbox 1040 1363 1177 1402; x_wconf 82' lang='lat' dir='ltr'><strong>coelum</strong></span> <span class='ocrx_word' id='word_1_185' title='bbox 1195 1370 1332 1414; x_wconf 88' lang='lat' dir='ltr'><strong>putent</strong></span> 
     </span>
     <span class='ocr_line' id='line_1_25' title="bbox 216 1416 1333 1468; baseline -0.001 -13"><span class='ocrx_word' id='word_1_186' title='bbox 216 1417 414 1468; x_wconf 87' lang='lat' dir='ltr'><strong>attingere,</strong></span> <span class='ocrx_word' id='word_1_187' title='bbox 441 1416 473 1455; x_wconf 91' lang='lat' dir='ltr'><strong>si</strong></span> <span class='ocrx_word' id='word_1_188' title='bbox 501 1416 615 1454; x_wconf 89' lang='lat' dir='ltr'><strong>mulli</strong></span> <span class='ocrx_word' id='word_1_189' title='bbox 645 1417 792 1454; x_wconf 89' lang='lat' dir='ltr'><strong>barbati</strong></span> <span class='ocrx_word' id='word_1_190' title='bbox 820 1417 860 1454; x_wconf 89' lang='lat' dir='ltr'><strong>in</strong></span> <span class='ocrx_word' id='word_1_191' title='bbox 890 1417 1042 1468; x_wconf 88' lang='lat' dir='ltr'><strong>piscinis</strong></span> <span class='ocrx_word' id='word_1_192' title='bbox 1070 1417 1159 1464; x_wconf 90' lang='lat' dir='ltr'><strong>sint,</strong></span> <span class='ocrx_word' id='word_1_193' title='bbox 1186 1417 1254 1468; x_wconf 93' lang='lat' dir='ltr'><strong>qui</strong></span> <span class='ocrx_word' id='word_1_194' title='bbox 1283 1416 1333 1454; x_wconf 89' lang='lat' dir='ltr'><strong>ad</strong></span> 
     </span>
     <span class='ocr_line' id='line_1_26' title="bbox 215 1470 1332 1521; baseline -0.001 -12"><span class='ocrx_word' id='word_1_195' title='bbox 215 1483 377 1509; x_wconf 87' lang='lat' dir='ltr'><strong>manum</strong></span> <span class='ocrx_word' id='word_1_196' title='bbox 391 1470 570 1509; x_wconf 85' lang='lat' dir='ltr'><strong>accedant</strong></span> <span class='ocrx_word' id='word_1_197' title='bbox 585 1484 597 1514; x_wconf 77' lang='grc' dir='ltr'><strong>ς</strong></span> <span class='ocrx_word' id='word_1_198' title='bbox 627 1470 701 1508; x_wconf 86' lang='grc'>3113</span> <span class='ocrx_word' id='word_1_199' title='bbox 718 1478 847 1508; x_wconf 87' lang='lat' dir='ltr'><strong>autem</strong></span> <span class='ocrx_word' id='word_1_200' title='bbox 865 1471 1060 1521; x_wconf 79' lang='lat' dir='ltr'><strong>negligant</strong></span> <span class='ocrx_word' id='word_1_201' title='bbox 1075 1485 1087 1516; x_wconf 78' lang='lat'>3</span> <span class='ocrx_word' id='word_1_202' title='bbox 1117 1482 1244 1508; x_wconf 85' lang='lat' dir='ltr'><strong>nonne</strong></span> <span class='ocrx_word' id='word_1_203' title='bbox 1261 1470 1332 1508; x_wconf 83' lang='lat' dir='ltr'><strong>tibi</strong></span> 
     </span>
     <span class='ocr_line' id='line_1_27' title="bbox 217 1523 1331 1575; baseline 0 -13"><span class='ocrx_word' id='word_1_204' title='bbox 217 1525 308 1563; x_wconf 87' lang='lat' dir='ltr'><strong>satis</strong></span> <span class='ocrx_word' id='word_1_205' title='bbox 337 1523 514 1575; x_wconf 82' lang='lat' dir='ltr'><strong>prodesse</strong></span> <span class='ocrx_word' id='word_1_206' title='bbox 543 1523 686 1570; x_wconf 86' lang='lat' dir='ltr'><strong>videor,</strong></span> <span class='ocrx_word' id='word_1_207' title='bbox 716 1524 747 1561; x_wconf 91' lang='lat' dir='ltr'><strong>si</strong></span> <span class='ocrx_word' id='word_1_208' title='bbox 774 1524 940 1575; x_wconf 84' lang='lat' dir='ltr'><strong>perficiO,</strong></span> <span class='ocrx_word' id='word_1_209' title='bbox 966 1532 1011 1562; x_wconf 90' lang='lat' dir='ltr'><strong>ut</strong></span> <span class='ocrx_word' id='word_1_210' title='bbox 1034 1524 1158 1562; x_wconf 89' lang='lat' dir='ltr'><strong>nolint</strong></span> <span class='ocrx_word' id='word_1_211' title='bbox 1173 1526 1331 1569; x_wconf 79' lang='lat' dir='ltr'><strong>obesse,</strong></span> 
     </span>
     <span class='ocr_line' id='line_1_28' title="bbox 217 1577 1331 1629; baseline -0.001 -13"><span class='ocrx_word' id='word_1_212' title='bbox 217 1578 286 1629; x_wconf 90' lang='lat' dir='ltr'><strong>qui</strong></span> <span class='ocrx_word' id='word_1_213' title='bbox 315 1580 505 1629; x_wconf 74' lang='lat' dir='ltr'><strong>possunt?</strong></span> <span class='ocrx_word' id='word_1_214' title='bbox 535 1577 642 1615; x_wconf 86' lang='lat' dir='ltr'><strong>Nam</strong></span> <span class='ocrx_word' id='word_1_215' title='bbox 663 1577 848 1616; x_wconf 87' lang='lat' dir='ltr'><strong>Catonem</strong></span> <span class='ocrx_word' id='word_1_216' title='bbox 867 1585 1040 1616; x_wconf 85' lang='lat' dir='ltr'><strong>nostrum</strong></span> <span class='ocrx_word' id='word_1_217' title='bbox 1059 1590 1136 1616; x_wconf 90' lang='lat' dir='ltr'><strong>non</strong></span> <span class='ocrx_word' id='word_1_218' title='bbox 1164 1584 1207 1616; x_wconf 90' lang='lat' dir='ltr'><strong>tu</strong></span> <span class='ocrx_word' id='word_1_219' title='bbox 1225 1590 1331 1615; x_wconf 87' lang='lat' dir='ltr'><strong>amas</strong></span> 
     </span>
     <span class='ocr_line' id='line_1_29' title="bbox 216 1631 1332 1683; baseline 0 -14"><span class='ocrx_word' id='word_1_220' title='bbox 216 1633 319 1683; x_wconf 79' lang='lat' dir='ltr'><strong>plus,</strong></span> <span class='ocrx_word' id='word_1_221' title='bbox 358 1644 477 1683; x_wconf 89' lang='lat' dir='ltr'><strong>quam</strong></span> <span class='ocrx_word' id='word_1_222' title='bbox 514 1643 608 1682; x_wconf 88' lang='lat' dir='ltr'><strong>ego:</strong></span> <span class='ocrx_word' id='word_1_223' title='bbox 649 1631 715 1669; x_wconf 90' lang='lat' dir='ltr'><strong>sed</strong></span> <span class='ocrx_word' id='word_1_224' title='bbox 750 1638 878 1669; x_wconf 85' lang='lat' dir='ltr'><strong>tamen</strong></span> <span class='ocrx_word' id='word_1_225' title='bbox 914 1632 992 1679; x_wconf 84' lang='lat' dir='ltr'><strong>ffle,</strong></span> <span class='ocrx_word' id='word_1_226' title='bbox 1026 1632 1171 1683; x_wconf 87' lang='lat' dir='ltr'><strong>optimo</strong></span> <span class='ocrx_word' id='word_1_227' title='bbox 1203 1631 1332 1669; x_wconf 87' lang='lat' dir='ltr'><strong>animo</strong></span> 
     </span>
     <span class='ocr_line' id='line_1_30' title="bbox 216 1684 1329 1736; baseline -0.001 -13"><span class='ocrx_word' id='word_1_228' title='bbox 216 1697 341 1732; x_wconf 82' lang='lat' dir='ltr'><strong>utens,</strong></span> <span class='ocrx_word' id='word_1_229' title='bbox 375 1692 412 1723; x_wconf 81' lang='lat' dir='ltr'><strong>et</strong></span> <span class='ocrx_word' id='word_1_230' title='bbox 444 1684 597 1723; x_wconf 76' lang='grc' dir='ltr'>51111111ιὲ.</span> <span class='ocrx_word' id='word_1_231' title='bbox 625 1685 713 1732; x_wconf 85' lang='lat' dir='ltr'><strong>fide,</strong></span> <span class='ocrx_word' id='word_1_232' title='bbox 743 1693 852 1723; x_wconf 89' lang='lat' dir='ltr'><strong>nocet</strong></span> <span class='ocrx_word' id='word_1_233' title='bbox 876 1685 1069 1724; x_wconf 78' lang='lat' dir='ltr'><strong>interdum</strong></span> <span class='ocrx_word' id='word_1_234' title='bbox 1101 1684 1329 1736; x_wconf 87' lang='lat' dir='ltr'><strong>reipublicae.</strong></span> 
     </span>
     <span class='ocr_line' id='line_1_31' title="bbox 217 1738 1331 1790; baseline 0 -14"><span class='ocrx_word' id='word_1_235' title='bbox 217 1739 324 1777; x_wconf 89' lang='lat' dir='ltr'><strong>Dicit</strong></span> <span class='ocrx_word' id='word_1_236' title='bbox 342 1739 459 1785; x_wconf 87' lang='lat' dir='ltr'><strong>enim,</strong></span> <span class='ocrx_word' id='word_1_237' title='bbox 480 1745 679 1790; x_wconf 83' lang='lat' dir='ltr'><strong>tamquam</strong></span> <span class='ocrx_word' id='word_1_238' title='bbox 693 1738 733 1776; x_wconf 90' lang='lat' dir='ltr'><strong>in</strong></span> <span class='ocrx_word' id='word_1_239' title='bbox 753 1738 924 1777; x_wconf 77' lang='lat' dir='ltr'><strong>Platonis</strong></span> <span class='ocrx_word' id='word_1_240' title='bbox 943 1746 1122 1786; x_wconf 77' lang='grc' dir='ltr'>πολιτειᾳ,</span> <span class='ocrx_word' id='word_1_241' title='bbox 1139 1751 1217 1776; x_wconf 87' lang='grc'>11011</span> <span class='ocrx_word' id='word_1_242' title='bbox 1231 1746 1331 1777; x_wconf 87' lang='lat' dir='ltr'><strong>tam-</strong></span> 
     </span>
     <span class='ocr_line' id='line_1_32' title="bbox 214 1792 953 1844; baseline -0.001 -14"><span class='ocrx_word' id='word_1_243' title='bbox 214 1806 335 1844; x_wconf 88' lang='lat' dir='ltr'><strong>quam</strong></span> <span class='ocrx_word' id='word_1_244' title='bbox 353 1793 393 1830; x_wconf 92' lang='lat' dir='ltr'><strong>in</strong></span> <span class='ocrx_word' id='word_1_245' title='bbox 413 1792 575 1830; x_wconf 78' lang='lat' dir='ltr'><strong>Romuli</strong></span> <span class='ocrx_word' id='word_1_246' title='bbox 593 1792 697 1840; x_wconf 76' lang='lat' dir='ltr'><strong>faeoe,</strong></span> <span class='ocrx_word' id='word_1_247' title='bbox 716 1793 953 1831; x_wconf 81' lang='lat' dir='ltr'><strong>sententiam.</strong></span> 
     </span>
    </p>

    <p class='ocr_par' dir='ltr' id='par_1_4' title="bbox 216 1845 1334 2219">
     <span class='ocr_line' id='line_1_33' title="bbox 273 1845 1330 1897; baseline 0.002 -15"><span class='ocrx_word' id='word_1_248' title='bbox 273 1846 381 1894; x_wconf 87' lang='lat' dir='ltr'><strong>Quid</strong></span> <span class='ocrx_word' id='word_1_249' title='bbox 413 1845 552 1891; x_wconf 84' lang='lat' dir='ltr'><strong>verius,</strong></span> <span class='ocrx_word' id='word_1_250' title='bbox 585 1859 704 1897; x_wconf 87' lang='lat' dir='ltr'><strong>quam</strong></span> <span class='ocrx_word' id='word_1_251' title='bbox 732 1846 772 1884; x_wconf 91' lang='grc'><strong>111</strong></span> <span class='ocrx_word' id='word_1_252' title='bbox 802 1845 991 1895; x_wconf 85' lang='lat' dir='ltr'><strong>judicium</strong></span> <span class='ocrx_word' id='word_1_253' title='bbox 1021 1846 1161 1893; x_wconf 86' lang='lat' dir='ltr'><strong>venire,</strong></span> <span class='ocrx_word' id='word_1_254' title='bbox 1192 1846 1260 1897; x_wconf 91' lang='lat' dir='ltr'><strong>qui</strong></span> <span class='ocrx_word' id='word_1_255' title='bbox 1281 1847 1330 1884; x_wconf 94' lang='lat' dir='ltr'><strong>ob</strong></span> 
     </span>
     <span class='ocr_line' id='line_1_34' title="bbox 216 1899 1331 1950; baseline 0.001 -13"><span class='ocrx_word' id='word_1_256' title='bbox 216 1912 298 1937; x_wconf 83' lang='lat' dir='ltr'><strong>rem</strong></span> <span class='ocrx_word' id='word_1_257' title='bbox 324 1899 571 1949; x_wconf 84' lang='lat' dir='ltr'><strong>judicandam</strong></span> <span class='ocrx_word' id='word_1_258' title='bbox 598 1900 799 1950; x_wconf 88' lang='lat' dir='ltr'><strong>pecuniam</strong></span> <span class='ocrx_word' id='word_1_259' title='bbox 827 1899 1010 1950; x_wconf 85' lang='lat' dir='ltr'><strong>acceperit</strong></span> <span class='ocrx_word' id='word_1_260' title='bbox 1026 1903 1043 1938; x_wconf 80' lang='lat'>?</span> <span class='ocrx_word' id='word_1_261' title='bbox 1083 1899 1241 1937; x_wconf 88' lang='lat' dir='ltr'><strong>Censuit</strong></span> <span class='ocrx_word' id='word_1_262' title='bbox 1258 1899 1331 1938; x_wconf 93' lang='lat' dir='ltr'><strong>hoc</strong></span> 
     </span>
     <span class='ocr_line' id='line_1_35' title="bbox 217 1952 1331 2004; baseline 0.001 -15"><span class='ocrx_word' id='word_1_263' title='bbox 217 1954 340 1990; x_wconf 84' lang='lat' dir='ltr'><strong>Cato:</strong></span> <span class='ocrx_word' id='word_1_264' title='bbox 372 1952 530 1990; x_wconf 59' lang='lat' dir='ltr'><strong>assensit</strong></span> <span class='ocrx_word' id='word_1_265' title='bbox 548 1961 711 1991; x_wconf 86' lang='lat' dir='ltr'><strong>senatus.</strong></span> <span class='ocrx_word' id='word_1_266' title='bbox 740 1953 902 2004; x_wconf 88' lang='lat' dir='ltr'><strong>Equites</strong></span> <span class='ocrx_word' id='word_1_267' title='bbox 927 1953 1040 1991; x_wconf 84' lang='lat' dir='ltr'><strong>curiae</strong></span> <span class='ocrx_word' id='word_1_268' title='bbox 1067 1953 1227 2000; x_wconf 77' lang='lat' dir='ltr'><strong>bellum,</strong></span> <span class='ocrx_word' id='word_1_269' title='bbox 1253 1965 1331 1991; x_wconf 91' lang='lat' dir='ltr'><strong>non</strong></span> 
     </span>
     <span class='ocr_line' id='line_1_36' title="bbox 217 2006 1332 2058; baseline 0 -14"><span class='ocrx_word' id='word_1_270' title='bbox 217 2006 338 2044; x_wconf 83' lang='lat' dir='ltr'><strong>mihi:</strong></span> <span class='ocrx_word' id='word_1_271' title='bbox 369 2019 461 2043; x_wconf 85' lang='lat' dir='ltr'><strong>nam</strong></span> <span class='ocrx_word' id='word_1_272' title='bbox 492 2019 561 2057; x_wconf 85' lang='lat' dir='ltr'><strong>ego</strong></span> <span class='ocrx_word' id='word_1_273' title='bbox 591 2006 759 2045; x_wconf 81' lang='lat' dir='ltr'><strong>dissensi.</strong></span> <span class='ocrx_word' id='word_1_274' title='bbox 789 2006 897 2054; x_wconf 88' lang='lat' dir='ltr'><strong>Quid</strong></span> <span class='ocrx_word' id='word_1_275' title='bbox 918 2006 1180 2058; x_wconf 87' lang='lat' dir='ltr'><strong>impudentius</strong></span> <span class='ocrx_word' id='word_1_276' title='bbox 1204 2006 1332 2057; x_wconf 88' lang='lat' dir='ltr'><strong>publi-</strong></span> 
     </span>
     <span class='ocr_line' id='line_1_37' title="bbox 217 2059 1333 2108; baseline -0.001 -11"><span class='ocrx_word' id='word_1_277' title='bbox 217 2060 320 2098; x_wconf 88' lang='lat' dir='ltr'><strong>canis</strong></span> <span class='ocrx_word' id='word_1_278' title='bbox 339 2059 642 2098; x_wconf 75' lang='lat' dir='ltr'><strong>renuntiantibus</strong></span> <span class='ocrx_word' id='word_1_279' title='bbox 659 2063 676 2098; x_wconf 78' lang='lat'>?</span> <span class='ocrx_word' id='word_1_280' title='bbox 707 2060 800 2098; x_wconf 86' lang='lat' dir='ltr'><strong>Fuit</strong></span> <span class='ocrx_word' id='word_1_281' title='bbox 817 2068 960 2108; x_wconf 82' lang='lat' dir='ltr'><strong>tamen,</strong></span> <span class='ocrx_word' id='word_1_282' title='bbox 986 2060 1173 2098; x_wconf 88' lang='lat' dir='ltr'><strong>retinendi</strong></span> <span class='ocrx_word' id='word_1_283' title='bbox 1191 2060 1333 2097; x_wconf 82' lang='lat' dir='ltr'><strong>ordinis</strong></span> 
     </span>
     <span class='ocr_line' id='line_1_38' title="bbox 219 2113 1331 2164; baseline -0.001 -14"><span class='ocrx_word' id='word_1_284' title='bbox 219 2113 346 2158; x_wconf 57' lang='lat' dir='ltr'><strong>causa,</strong></span> <span class='ocrx_word' id='word_1_285' title='bbox 380 2113 554 2151; x_wconf 80' lang='lat' dir='ltr'><strong>facienda</strong></span> <span class='ocrx_word' id='word_1_286' title='bbox 588 2114 748 2162; x_wconf 76' lang='lat' dir='ltr'><strong>jactura.</strong></span> <span class='ocrx_word' id='word_1_287' title='bbox 780 2114 935 2152; x_wconf 82' lang='lat' dir='ltr'><strong>Restitit</strong></span> <span class='ocrx_word' id='word_1_288' title='bbox 968 2121 1006 2152; x_wconf 88' lang='lat' dir='ltr'><strong>et</strong></span> <span class='ocrx_word' id='word_1_289' title='bbox 1035 2114 1191 2164; x_wconf 85' lang='lat' dir='ltr'><strong>pervicit</strong></span> <span class='ocrx_word' id='word_1_290' title='bbox 1223 2113 1331 2151; x_wconf 88' lang='lat' dir='ltr'><strong>Cato.</strong></span> 
     </span>
     <span class='ocr_line' id='line_1_39' title="bbox 219 2167 1334 2219; baseline 0 -15"><span class='ocrx_word' id='word_1_291' title='bbox 219 2169 357 2219; x_wconf 79' lang='lat' dir='ltr'><strong>ltaque</strong></span> <span class='ocrx_word' id='word_1_292' title='bbox 387 2179 501 2211; x_wconf 75' lang='lat' dir='ltr'><strong>nunc,</strong></span> <span class='ocrx_word' id='word_1_293' title='bbox 530 2168 683 2206; x_wconf 79' lang='lat' dir='ltr'><strong>consule</strong></span> <span class='ocrx_word' id='word_1_294' title='bbox 709 2168 747 2206; x_wconf 86' lang='lat' dir='ltr'><strong>in</strong></span> <span class='ocrx_word' id='word_1_295' title='bbox 771 2180 917 2206; x_wconf 80' lang='lat' dir='ltr'><strong>carcere</strong></span> <span class='ocrx_word' id='word_1_296' title='bbox 934 2167 1095 2212; x_wconf 79' lang='lat' dir='ltr'><strong>incluso,</strong></span> <span class='ocrx_word' id='word_1_297' title='bbox 1116 2180 1214 2218; x_wconf 80' lang='lat' dir='ltr'><strong>saepe</strong></span> <span class='ocrx_word' id='word_1_298' title='bbox 1243 2167 1334 2205; x_wconf 86' lang='lat' dir='ltr'><strong>item</strong></span> 
     </span>
    </p>
   </div>
  </div>
 </body>
</html>
