1513 2382
208 126 287 165 366
396 127 477 166 AD
504 126 789 167 ATTICUM.
820 127 919 167 Lm.
939 127 1064 168 VIII.
1093 129 1132 166 2.

214 245 347 272 omnes
364 235 490 275 hostes
503 235 560 274 ini
578 242 748 286 oportere
762 249 840 274 esse
853 238 871 274 ?
891 235 1043 275 Ibimus
1061 244 1190 274 tamen
1205 236 1336 276 Luce-

215 287 312 325 riam
331 303 341 326 ε
373 302 442 328 nec
467 303 556 328 eum
581 289 737 328 fortasse
761 289 961 328 delectabit
985 297 1110 328 noster
1134 290 1334 329 adventus.

217 340 471 381 Dissimulare
490 343 592 382 enim
610 355 687 381 non
705 350 850 394 potero,
869 343 981 393 mihi,
1002 357 1089 395 quae
1107 343 1233 383 adhuc
1251 351 1336 383 aeta

218 402 322 443 sunt,
343 397 552 449 displicere.

270 450 373 501 Ego,
404 451 435 489 si
467 463 646 489 somnum
675 463 807 502 capere
836 463 1000 501 possem,
1032 458 1112 489 tam
1146 451 1270 502 long-is
1300 457 1337 489 te

220 503 388 553 epistolis
416 516 492 542 non
522 504 785 543 obtunderem.
815 505 897 552 Tu,
924 504 955 541 si
984 505 1054 543 tibi
1072 500 1205 543 eadem
1224 499 1337 543 causa

221 565 291 608 est,
310 570 374 596 me
387 569 627 597 remm1erere
645 569 734 596 sane
752 558 880 596 velim.

453 668 538 713 (2.)
575 664 787 705 CICERO
814 662 1035 704 ATTICO
1064 663 1104 702 S.

281 774 387 812 Mihi
406 786 494 813 vero
512 772 642 812 omnia
659 779 766 824 grata
782 786 794 818 ς
824 772 979 824 ετῳιοᾱ
997 771 1178 823 scripsisti
1196 771 1246 810 ad
1263 782 1344 819 me,

228 843 315 881 quae
342 828 543 873 audieram
583 835 620 865 et
648 827 752 878 quod
778 839 856 865 non
884 826 1086 875 credidisti,
1116 839 1203 877 quae
1229 825 1349 875 digna

179 918 185 926 ,
227 882 427 934 diligentia
455 882 543 919 mea
566 892 644 918 non
674 888 805 926 erant;
837 886 875 918 et
899 880 1004 932 quod
1026 879 1223 928 monuisti,
1243 877 1349 930 quod

228 937 427 978 sentiebas.
457 935 544 986 Ego
563 934 611 972 ad
632 933 823 974 Caesarem
840 946 937 972 unas
956 932 1089 985 Capua
1104 933 1231 971 literas
1245 931 1351 981 dedi,

231 991 373 1044 quibus
391 989 440 1028 ad
459 1002 504 1027 ea
516 988 701 1039 rescripsi,
718 1002 805 1040 quae
817 1000 972 1026 mecum
989 988 1056 1026 ille
1074 987 1121 1026 de
1131 985 1353 1038 gladiatori-

229 1048 304 1085 bus
323 1044 400 1083 suis
419 1049 560 1094 egerat,
574 1044 719 1089 breves,
737 1042 802 1080 sed
815 1042 1118 1080 benevolentiam
1135 1040 1351 1092 significan-

230 1107 301 1148 tes,
321 1111 398 1137 non
417 1097 532 1135 modo
551 1096 630 1134 sine
649 1094 893 1143 contumelia,
913 1095 979 1134 sed
997 1095 1110 1134 etiam
1131 1107 1221 1134 cum
1239 1106 1351 1132 max-

231 1152 313 1192 ima
330 1151 458 1197 laude,
479 1149 679 1201 Pompeii:
710 1149 751 1187 id
770 1149 873 1188 enim
886 1149 954 1188 illa
971 1149 1157 1188 sententia
1181 1147 1352 1200 postula-

231 1209 313 1255 bat,
334 1206 413 1257 qu'a
429 1205 542 1242 illum
562 1204 611 1242 ad
639 1203 878 1241 concordiam
897 1203 1088 1242 hortabar.
1125 1202 1206 1241 Eas
1224 1201 1256 1240 si
1273 1214 1355 1253 quo

231 1261 299 1299 ille
317 1259 436 1308 misit,
456 1258 496 1296 in
510 1257 665 1309 publico
678 1264 879 1308 proponat,
895 1257 1025 1296 velim.
1050 1257 1205 1295 Alteras
1220 1255 1354 1294 eodem

234 1315 296 1353 die
314 1312 416 1360 dedi,
437 1325 514 1364 quo
531 1311 601 1349 has
618 1311 667 1348 ad
691 1318 741 1349 te.
778 1311 870 1348 Non
895 1310 1004 1361 potui
1031 1323 1108 1348 non
1134 1309 1237 1358 dare,
1263 1321 1354 1347 cum

235 1376 274 1408 et
291 1369 373 1419 ipse
392 1366 442 1404 ad
460 1378 522 1403 me
549 1364 767 1415 scripsisset,
794 1371 832 1401 et
856 1365 1016 1402 Balbus.
1055 1363 1205 1402 Earum
1224 1375 1357 1400 exem-

236 1423 350 1475 plum
369 1419 419 1458 ad
432 1426 469 1457 te
482 1418 582 1457 misi.
611 1418 725 1456 Nihil
743 1417 904 1456 arbitror
921 1417 1015 1464 fore,
1031 1417 1135 1468 quod
1152 1416 1356 1468 reprehen-

237 1477 320 1515 das.
345 1473 484 1525 Siqua
509 1478 634 1519 erunt,
661 1471 753 1510 doce
780 1484 857 1520 me,
885 1484 963 1523 quo
983 1471 1100 1509 modo
1127 1483 1172 1509 ea
1189 1470 1357 1521 effugere

235 1529 391 1582 possim.
421 1526 548 1572 Nihil,
574 1525 738 1576 inquies,
758 1525 915 1564 omnino
934 1524 1134 1576 scripseris.
1169 1523 1254 1572 Qui
1271 1537 1356 1562 ma-

237 1585 297 1636 gis
314 1581 475 1633 effugias
493 1593 555 1619 eos
573 1580 642 1630 qui
660 1579 788 1618 volent
805 1579 948 1630 fingere
963 1581 981 1618 ?
1012 1578 1292 1617 Verumtamen
1306 1577 1361 1616 ita

236 1638 392 1683 faciam,
412 1634 541 1687 quoad
559 1633 641 1672 fieri
658 1633 808 1684 poterit.
846 1633 968 1682 Nam,
994 1632 1099 1685 quod
1117 1645 1180 1685 me
1197 1632 1360 1671 hortaris

240 1692 291 1731 ad
308 1688 535 1729 memoriam
553 1687 756 1734 factorum,
776 1686 981 1736 dictorum,
1001 1687 1226 1738 scriptorum
1245 1686 1361 1724 etiam

241 1757 446 1789 meorum3
476 1741 568 1780 facis
596 1741 716 1779 amice
739 1748 782 1778 tu
808 1741 979 1792 quidem,
999 1740 1172 1792 mihique
1196 1740 1363 1791 gratissi-

242 1811 354 1838 mum
367 1812 379 1844 ;
401 1796 467 1835 sed
479 1795 577 1834 mihi
585 1795 720 1833 videris
735 1795 842 1832 aliud
854 1802 898 1833 tu
911 1794 1114 1833 honestum
1125 1806 1266 1845 meque
1279 1793 1364 1845 dig-

243 1865 341 1893 num
374 1852 414 1889 in
443 1850 515 1888 hac
545 1849 659 1887 causa
684 1848 869 1898 judicare,
899 1856 1015 1900 atque
1039 1861 1109 1899 ego
1134 1847 1362 1886 existimem.

246 1906 354 1947 Mihi
375 1905 477 1943 enim
496 1903 594 1942 nihil
611 1903 693 1940 ulla
710 1902 749 1939 in
770 1909 882 1953 gente
900 1915 1088 1953 unquam,
1109 1902 1158 1939 ab
1177 1901 1257 1939 ullo
1275 1914 1365 1939 auc-

244 1971 324 2000 tore
343 1957 561 2010 reipublicae
580 1970 623 1995 ac
641 1956 750 2003 duce,
771 1956 921 2007 turpius
939 1956 1083 1994 factum
1104 1968 1182 1993 esse
1199 1955 1365 2004 videtur,

245 2026 366 2067 quam
395 2026 419 2050 a
447 2019 576 2050 nostro
600 2010 723 2048 amico
747 2010 892 2048 factum
912 2017 994 2048 esta
1024 2010 1134 2059 cujus
1152 2021 1223 2060 ego
1243 2008 1366 2059 vicem

247 2070 357 2109 doleo
374 2081 385 2104 ;
407 2066 475 2117 qui
494 2064 639 2103 Urbem
660 2064 828 2115 reliquit,
844 2064 884 2101 id
903 2071 972 2112 est,
988 2063 1176 2115 patriam3
1201 2075 1271 2113 pro
1290 2062 1369 2114 qua

250 2132 288 2164 et
304 2122 345 2159 in
365 2121 444 2172 qua
462 2119 560 2157 mori
578 2118 805 2170 praeclarum
823 2117 909 2156 fuit.

304 2177 487 2227 Ignorare
504 2172 602 2210 mihi
620 2171 771 2219 videris,
799 2171 881 2210 haec
906 2178 1051 2223 quanta
1076 2170 1124 2209 sit
1151 2169 1299 2208 clades:
1329 2182 1370 2208 es

252 2232 353 2271 enim
373 2227 487 2266 etiam
508 2239 610 2265 nunc
625 2225 730 2264 domi
745 2233 831 2263 tuae.
863 2226 952 2274 Sed,
968 2224 1097 2264 invitis
1110 2223 1372 2276 perditissimis
