1513 2382
233 84 313 125 392
405 85 490 126 AD
518 85 800 128 ATTICUM.
830 89 930 128 Lm.
951 87 1074 129 vl11.
1105 89 1168 128 15.

236 190 394 242 quidem
418 193 465 232 de
481 206 537 242 re,
563 194 657 246 quin
676 194 778 233 varie
795 207 923 234 secum
951 195 1030 248 ipse
1056 196 1254 248 disputet?
1283 196 1344 236 Si-

237 245 322 282 mul
340 253 378 284 et
401 247 532 286 elicere
549 249 660 299 cupio
679 249 903 287 sententiam
922 256 1030 288 tuam
1046 264 1058 296 ς
1088 250 1120 288 si
1137 256 1281 299 manet,
1300 257 1345 288 ut

238 297 382 337 firmior
400 300 472 338 sim
488 314 501 346 ς
531 301 562 339 si
579 309 728 340 mutata
745 309 815 349 est,
834 310 879 340 ut
896 303 966 342 tibi
983 303 1176 342 assentiar.

292 351 462 392 Omnino
486 355 534 392 ad
552 355 606 403 id,
627 355 674 394 de
692 369 769 407 quo
795 356 941 405 dubito,
959 357 1136 408 pertinet,
1155 369 1218 394 me
1235 356 1344 404 scire,

236 405 331 456 quid
342 406 537 446 Domitius
554 417 706 447 acturus
723 409 785 456 sit,
806 410 899 460 quid
911 418 1035 448 noster
1051 410 1254 448 Lentulus.
1281 409 1345 448 De

237 458 411 499 Domitio
448 462 552 499 varia
576 462 769 509 audimus,
799 463 914 500 modo
942 477 1022 501 esse
1050 461 1110 512 [in
1138 462 1345 501 Tiburtino

239 512 406 563 Lepidi;
437 515 552 553 modo
579 528 667 553 cum
686 515 836 566 Lepido
862 517 1055 555 accessisse
1081 515 1130 554 ad
1147 517 1295 554 Urbem
1310 515 1345 569 3]

238 566 342 616 quod
353 566 445 605 item
463 568 603 606 falsum
623 568 731 607 video
743 581 841 606 esse:
863 569 916 606 ait
935 570 1038 607 enim
1056 569 1242 620 Lepidus,
1257 581 1348 607 eum

238 619 363 658 nescio
406 633 482 671 quo
524 622 739 672 penetrasse
779 622 1002 671 itineribus;
1041 621 1255 661 occultandi
1289 622 1365 661 sui.

238 673 364 721 causa,
385 686 434 711 an
453 675 568 713 maris
586 675 790 726 apiscendi,
810 687 859 714 ne
875 675 916 714 id
933 676 1090 727 quidem
1116 675 1184 714 scit
1200 690 1211 713 ι
1239 675 1350 726 igno-

239 733 299 763 rat
318 726 419 764 enim
448 727 495 765 de
512 727 603 767 filio.
631 729 758 767 Addit
780 729 892 778 illud,
916 742 1006 768 sane
1023 729 1254 774 molestum3
1283 741 1352 781 pe-

240 779 393 817 cuniam
411 780 585 819 Domitio
602 782 690 821 satis
708 782 908 833 grandem,
923 796 1041 835 quam
1055 783 1088 820 is
1107 781 1266 821 Corfinii
1282 782 1352 821 ha·

239 833 380 880 buerit,
405 846 482 872 non
513 847 591 873 esse
620 835 821 874 redditam.
859 836 923 874 De
949 837 1117 874 Lentulo
1145 843 1274 874 autem
1291 835 1352 873 ni-

240 885 504 978 hssZUdimus'
546 888 658 938 Haec,
678 889 809 938 velim,
830 889 1023 940 exquiras,
1043 889 1092 928 ad
1110 901 1250 941 meque
1266 901 1352 941 per-

239 950 311 978 sen
338 953 390 979 as.
1139 957 1142 960 ·

458 1104 575 1154 (15.)
606 1104 818 1144 CICERO
846 1104 1066 1144 A'r'rmo
1095 1105 1135 1144 s.

295 1210 348 1249 A.
367 1210 405 1249 d.
426 1211 466 1250 V
486 1211 590 1250 Non.
611 1211 731 1250 Mart.
751 1212 928 1264 epistolas
945 1212 1042 1249 mihi
1067 1218 1153 1249 tuas
1177 1211 1353 1263 AEgypta

241 1264 419 1311 reddidit,
439 1277 557 1302 unam
576 1272 739 1304 veterem
759 1266 823 1304 IV
846 1265 930 1303 Cal.
944 1278 1063 1316 quam
1080 1273 1118 1303 te
1136 1265 1268 1303 scribis
1286 1265 1352 1303 de·

243 1318 342 1356 disse
361 1318 529 1365 Pinario,
550 1331 666 1368 quem
696 1330 773 1356 non
799 1318 994 1363 vidimus;
1021 1319 1061 1355 in
1091 1318 1170 1369 qua
1198 1330 1352 1369 exspec-

242 1379 314 1419 tas,
335 1371 519 1423 quidnam
538 1372 754 1422 praemissus
771 1379 859 1422 agat
877 1371 1074 1410 Vibullius
1090 1385 1102 1416 ;
1132 1371 1201 1422 qui
1227 1371 1351 1409 omni-

242 1437 293 1463 no
311 1436 389 1462 non
419 1434 474 1462 est
497 1425 600 1463 visus
625 1438 648 1463 a
666 1425 843 1471 Caesare3
872 1425 933 1473 (in
963 1423 1079 1462 altera
1103 1424 1276 1475 epistola,
1295 1424 1352 1463 vi-

242 1478 327 1525 deo,
361 1486 398 1516 te
426 1478 532 1526 scire,
570 1478 623 1516 ita
648 1477 744 1528 esse)
776 1486 813 1516 et
841 1478 1167 1529 quemadmodum
1191 1478 1353 1516 redeun-

243 1539 322 1570 tem
341 1531 527 1582 excipiam
550 1530 764 1577 Caesarem
795 1545 911 1583 quem
930 1531 1085 1569 omnino
1103 1531 1221 1569 vitare
1247 1531 1350 1582 cogi-

243 1594 308 1631 to;
338 1593 389 1632 et,
409 1593 475 1623 aut
497 1584 717 1633 [Haemonis
734 1585 867 1636 fugam
879 1584 1078 1636 intendis,]
1092 1585 1357 1623 commutatio-

244 1651 410 1690 nemque
429 1639 516 1676 vitae
535 1647 635 1685 tuae3
657 1639 760 1690 quod
772 1639 841 1676 tibi
858 1646 952 1689 puto
966 1651 1043 1676 esse
1060 1638 1295 1676 faciendum:
1317 1644 1357 1676 et

244 1693 409 1744 ignoras,
437 1691 632 1730 Domitius
660 1705 749 1730 cum
775 1692 988 1730 fascibusne
1016 1691 1092 1737 sit;
1122 1691 1227 1743 quod
1261 1704 1351 1730 cum

246 1747 351 1793 scies,
371 1746 484 1784 facies
503 1754 546 1784 ut
561 1746 735 1785 sciamus.

299 1801 433 1838 Habes
451 1799 499 1837 ad
521 1800 685 1851 primam
711 1799 922 1851 epistolam.
964 1799 1111 1838 Secutae
1135 1805 1224 1836 sunt
1252 1798 1353 1845 duae,

247 1854 368 1906 pridie
407 1852 490 1892 Cal.
517 1855 640 1891 ambae
673 1853 784 1901 datae,
811 1867 898 1904 quae
928 1865 991 1890 me
1019 1852 1275 1890 convellerunt
1307 1851 1356 1889 de

244 1907 403 1959 pristino
428 1915 544 1956 statu,
567 1908 650 1956 jam
668 1914 796 1944 tamen
817 1910 880 1960 (ut
897 1913 985 1944 ante
1009 1906 1058 1944 ad
1075 1914 1112 1943 te
1131 1903 1279 1956 scripsi)
1300 1904 1357 1942 la-

244 1964 414 2000 bantem.
457 1961 542 1998 Nec
570 1973 632 1998 me
657 1968 798 2007 movet,
818 1960 922 2012 quod
940 1959 1083 2006 scribis,
1114 1962 1142 1981 “
1162 1958 1254 1996 Jovi
1282 1958 1355 2008 ipsi

246 2016 422 2066 iniquum
441 2014 481 2051 :³⁹
510 2026 600 2052 nam
629 2014 842 2066 periculum
863 2013 905 2051 in
934 2013 1131 2064 utriusque
1161 2009 1356 2050 iracundia

245 2069 410 2120 positum
431 2076 510 2106 est:
540 2068 694 2106 victoria
722 2076 851 2106 autem
876 2067 930 2106 ita
947 2067 1103 2113 incerta,
1130 2072 1175 2103 ut
1195 2064 1354 2103 deterior

245 2135 357 2162 causa
375 2121 539 2174 paratior
558 2121 654 2160 mihi
678 2135 754 2161 esse
782 2121 962 2160 videatur.
995 2120 1078 2159 Nec
1105 2132 1166 2158 mc
1185 2118 1356 2158 consules
