1513 2382
327 47 411 88 AD
438 45 722 87 ATTICUM.
753 46 855 86 Lm.
884 47 970 86 ΙΙΙ.
1003 49 1069 88 23.
1181 49 1268 88 233

141 158 238 206 jam,
257 168 346 195 cum
365 155 570 195 adventare
587 155 729 195 milites
746 154 941 204 dicuntur,
958 155 1176 196 faciendum
1195 170 1266 197 no-

144 211 200 249 bis
225 209 296 248 erit
313 216 358 248 ut
390 211 438 248 ab
466 223 510 249 eo
529 209 790 248 discedamus:
821 209 926 261 quod
953 223 1042 248 cum
1064 211 1264 261 faciemus,

144 264 193 302 ad
211 271 248 302 te
266 264 396 302 statim
413 264 611 302 mittemus
627 277 640 309 ς
670 271 714 302 ut
732 263 841 312 scias,
862 263 930 301 ubi
949 263 1081 302 simus.

198 317 403 366 Lentulus,
419 331 488 356 suo
503 318 544 355 in
562 330 631 356 nos
643 317 780 364 officio,
801 317 904 368 quod
920 325 957 355 et
974 331 1028 365 re,
1048 326 1085 356 et
1102 319 1266 370 promis-

145 370 210 418 sis,
231 378 269 410 et
294 371 412 410 literis
430 372 608 420 declarat,
637 384 745 423 spem
767 370 877 409 nobis
903 371 1131 410 nonnullam
1159 373 1268 412 affert

148 425 323 476 Pompeii
341 426 560 464 voluntatis.
599 426 710 477 Saepe
732 425 835 464 enim
853 433 897 463 tu
920 425 971 463 ad
988 438 1052 463 me
1070 426 1265 478 scripsisti,

147 491 238 517 eum
265 485 391 517 totum
423 492 503 518 esse
535 480 577 517 in
612 479 717 518 illius
750 487 946 531 potestate.
990 479 1054 517 De
1086 480 1265 529 Metello,

148 532 296 584 scripsit
324 533 374 571 ad
400 546 463 571 me
488 534 619 582 frater,
643 542 833 585 quantum
859 533 1032 584 sperarit,
1052 533 1265 584 perfectum

147 599 227 625 aese
244 600 312 638 per
336 594 385 624 te.
415 587 481 625 Mi
505 587 711 639 Pomponi,
731 599 876 639 pugna,
896 595 941 625 ut
965 594 1092 624 tecum
1118 595 1155 626 et
1174 601 1263 627 cum

147 640 243 679 meis
255 640 352 678 mihi
362 641 473 680 liceat
489 641 639 680 vivere:
671 649 709 680 et
727 641 845 680 scribe
856 641 905 678 ad
919 653 981 679 me
1000 641 1142 680 omnia.
1170 643 1265 681 Pre-

148 707 247 742 mor,
267 707 356 733 cum
373 695 495 744 luctu,
515 703 600 733 tum
619 694 802 734 desiderio
820 708 949 733 rerum
967 695 1157 744 omnium,
1178 710 1266 748 quae

149 722 320 787 mihime
339 749 497 788 cariores
516 761 665 799 semper
682 749 851 788 fuerunt.
882 750 988 788 Cura
1008 756 1054 786 ut
1071 749 1209 788 valeas.

201 802 304 853 Ego,
331 802 449 853 quod,
482 816 550 854 per
575 802 813 841 Thessaliam
845 803 877 842 si
907 803 1002 841 irem
1021 803 1062 840 in
1080 803 1263 854 Epirum,

148 856 282 907 perdiu
302 856 398 894 nihil
426 869 530 895 eram
549 857 765 905 auditurus,
786 864 823 896 et
841 857 946 918 quod
968 856 1047 895 mei
1077 857 1264 897 studiosos

148 910 269 948 habeo
288 909 589 961 Dyrrhachinos,
610 911 659 949 ad
677 924 740 949 eos
758 911 922 962 perrexi,
950 923 1040 949 cum
1057 911 1126 949 illa
1149 925 1264 964 supe-

148 963 246 1002 riora
264 962 544 1002 Thessalonicae
557 964 800 1016 scripsissem.
831 965 929 1003 Inde
947 978 1037 1003 cum
1061 965 1111 1003 ad
1137 972 1176 1003 te
1199 979 1264 1005 me

148 1025 378 1065 convertam,
398 1017 536 1056 faciam
562 1026 606 1056 ut
631 1019 738 1057 scias.
778 1018 922 1070 Tuque
949 1019 998 1056 ad
1025 1031 1103 1067 me,
1132 1019 1264 1070 velim,

146 1071 277 1110 omnia
294 1083 413 1123 quam
429 1071 730 1123 diligentissime,
747 1072 977 1111 cuicuimodi
988 1080 1092 1121 sunt,
1109 1073 1264 1114 scribas.

146 1125 263 1176 Ego
247 1138 330 1175 Jam
349 1132 418 1163 aut
445 1138 541 1174 rem,
567 1134 635 1164 aut
658 1138 707 1164 ne
736 1139 845 1178 spem
874 1126 1047 1178 quidem,
1070 1135 1260 1180 exspecto.

146 1179 238 1218 Dat.
253 1179 315 1219 VI
334 1178 419 1219 Cal.
438 1179 624 1220 Decemb.
644 1180 891 1232 Dyrrhachii.

362 1373 478 1426 (23.)
506 1374 719 1415 CICERO
747 1374 964 1415 ATTICO
993 1375 1035 1415 S.

204 1502 259 1541 A.
277 1502 316 1541 d.
338 1502 380 1542 V
399 1501 484 1541 031.
509 1501 696 1541 Decemb.
715 1508 792 1542 tres
810 1502 988 1554 epistolas
1012 1515 1035 1541 a
1053 1509 1091 1541 te
1108 1503 1263 1555 accepi3

152 1570 271 1595 unam
295 1557 425 1595 (1313111
456 1569 491 1595 3.
515 1556 554 1595 (1.
573 1557 687 1596 VIII
709 1556 794 1595 Cal.
813 1558 1007 1595 Novemb.
1038 1556 1080 1594 in
1107 1556 1184 1608 qua
1201 1570 1266 1596 me

151 1611 325 1660 hortaris,
345 1618 390 1649 ut
406 1610 496 1649 forti
517 1611 645 1649 animo
662 1623 836 1649 mensem
859 1611 889 1649 J
891 1623 1093 1649 anuanum
1112 1624 1268 1662 exspec-

150 1671 253 1704 tem:
283 1678 418 1716 eaque,
438 1678 525 1716 quae
543 1664 592 1703 ad
610 1677 717 1717 spem
735 1672 849 1716 putas
867 1664 1069 1729 pertinere,
1094 1664 1142 1703 de
1160 1665 1266 1704 Len-

107 1715 119 1725 ““
151 1719 226 1757 11111
243 1719 383 1768 5111(110,
403 1718 451 1757 de
477 1719 632 1758 Metelli
663 1720 873 1767 voluntate,
903 1718 951 1756 de
979 1716 1059 1756 tota
1088 1718 1266 1771 Pompeii

150 1773 308 1821 ratione,
327 1772 539 1825 persei-ibis.
577 1773 628 1811 In
656 1773 778 1811 altera
806 1772 978 1824 epistola,
1007 1779 1145 1824 praeter
1176 1785 1266 1812 con-

150 1827 391 1866 suetudinem
410 1835 532 1874 tuam,
547 1826 650 1865 diem
668 1839 746 1866 non
764 1826 968 1866 adscribis:
997 1826 1063 1865 sed
1081 1826 1170 1865 satis
1189 1827 1266 1878 sig-

147 1881 279 1920 nificas
305 1889 469 1934 tempus.
504 1881 612 1932 Lege
637 1881 741 1921 enim
768 1882 818 1920 ab
850 1889 934 1920 octo
961 1880 1125 1920 tribunis
1141 1881 1266 1933 plebis

148 1936 405 1988 promulgata,
428 1935 591 1985 [scribis,
597 1937 614 1987 ]
635 1944 672 1975 te
691 1948 752 1973 eas
769 1935 897 1973 literas
911 1947 954 1973 eo
965 1935 1047 1986 ipso
1065 1934 1127 1974 die
1140 1934 1265 1974 dedis-

149 2003 202 2038 se,
221 1989 263 2028 id
280 1998 349 2039 est,
368 2004 403 2029 a.
421 1991 460 2029 d.
481 1989 544 2030 IV
563 1989 647 2028 Cal.
668 1990 933 2035 Novembres;
968 1996 1019 2038 et,
1040 1988 1135 2040 quid
1153 1996 1264 2041 putes

149 2018 324 2084 utilitatis
342 2058 428 2084 eam
445 2044 795 2097 promulgationem
822 2018 1008 2092 attulisse,
1030 2043 1174 2082 scribis.
1215 2043 1265 2081 In

149 2111 227 2150 quo
253 2098 286 2139 si
314 2099 429 2139 etiam
459 2106 589 2139 nostra
612 2098 715 2138 salus
734 2110 823 2138 cuni
853 2097 926 2136 hac
950 2098 1042 2188 {ege
1066 2096 1267 2149 desperata

897 2163 927 2190 x
