1513 2382
351 57 435 97 AD
463 57 743 99 ATTICUM.
774 57 875 97 Iam.
897 57 1023 97 VIII.
1048 60 1116 98 11.
1207 59 1289 97 383

166 180 256 207 cum
281 180 304 206 a
322 179 384 206 me
409 166 587 219 Capuam
614 166 857 217 rejiciebam:
888 168 993 220 quod
1017 167 1103 215 feci,
1124 179 1202 206 non
1228 168 1285 206 vi-

163 222 270 261 tandi
287 221 410 260 oneris
437 222 566 269 causa,
594 221 660 260 sed
684 221 789 273 quod
810 221 1001 270 videbam,
1026 222 1146 260 teneri
1175 221 1285 260 illam

162 277 299 314 urbem
318 275 398 314 sine
410 276 578 314 exercitu
597 287 674 313 non
693 288 824 326 posse:
856 276 1022 315 accidere
1037 283 1166 314 autem
1185 276 1285 313 mihi

161 330 354 376 nolebam,
375 329 480 381 quod
497 329 606 368 doleo
618 329 707 367 viris
725 329 938 368 fortissimis
953 330 1142 368 accidisse.
1172 330 1284 377 Quo-

157 383 264 422 niam
286 390 430 430 autem,
451 391 579 422 tecum
598 390 642 421 ut
661 396 794 432 essem,
815 396 893 422 non
913 384 1070 435 contigit
1087 397 1098 428 ;
1130 383 1281 421 utinam

158 437 218 475 tui
232 437 378 476 consilii
397 438 530 476 certior
548 437 670 475 factus
689 450 807 475 essem
824 438 833 475 !
866 439 974 475 Nam
992 438 1204 488 suspicione
1222 451 1284 475 35-

160 492 268 543 sequi
286 504 364 529 non
382 492 520 542 potui,
510 505 519 515 ·
551 491 655 543 quod
684 491 813 529 omnia
837 491 942 543 prius
970 492 1173 529 arbitratus
1192 503 1281 529 sum

158 545 255 591 fore,
277 558 395 597 quam
421 553 465 583 ut
492 546 574 584 haec
602 545 822 596 reipublicae
847 558 961 584 causa
989 545 1031 583 in
1061 544 1176 584 Italia
1202 557 1281 584 non

158 607 298 651 posset,
326 599 423 638 duce
443 606 493 646 te,
510 599 721 638 consistere.

214 656 242 676 “
260 654 400 705 Neque
418 666 506 692 vero
533 666 636 691 nunc
655 654 858 692 consilium
881 633 996 692 tuum
1014 653 1276 706 reprehendo·
1264 683 1277 700 ,

158 707 224 746 sed
241 707 436 745 fortunam
456 707 674 759 reipublicae
691 708 831 759 lugeo:
863 720 945 756 1100,
967 708 999 746 51
1018 721 1101 769 ego,
1123 707 1218 769 quid
1236 715 1280 745 tu

158 761 208 800 sis
227 769 391 810 secutus,
411 773 489 800 non
508 761 707 813 perspicio,
728 762 865 800 idcirco
883 762 1013 800 minus
1031 761 1221 810 existimo,
1242 770 1281 800 te

159 815 258 854 nihil
276 815 349 853 nisi
369 815 522 853 5111111113
540 815 684 853 ratione
702 815 843 854 fecisse.

215 871 243 892 “
265 869 359 907 Mea
378 883 465 935 quae
482 882 630 920 semper
657 868 772 907 fuerit
802 869 1001 916 sententia,
1032 870 1205 921 primum
1230 869 1279 907 de

158 936 251 975 pace
264 923 350 962 vel
339 923 474 974 iniqua
486 923 699 961 conditione
714 924 926 970 retinenda,
940 924 1076 963 deinde
1090 923 1137 961 de
1155 924 1278 971 Urbe,

160 980 272 1032 (nam
289 977 337 1015 de
356 976 471 1014 Italia
492 977 649 1028 quidem
669 976 766 1015 nihil
784 978 881 1015 mihi
899 990 1075 1029 unquam
1105 977 1280 1016 ostende-n

156 1031 235 1081 ras)
256 1030 475 1069 meminisse
500 1040 538 1069 te
563 1031 735 1069 arbitror.
776 1031 852 1069 Sed
875 1031 973 1068 mihi
994 1044 1072 1070 non
1091 1044 1215 1079 sumo,
1235 1039 1280 1070 ut

156 1098 289 1125 meum
308 1085 509 1124 consilium
524 1085 647 1122 valere
661 1084 854 1122 debuerit:
877 1092 1025 1123 secutus
1038 1098 1125 1123 sum
1143 1097 1276 1123 tuum·
1263 1114 1276 1131 ‚

156 1152 281 1192 neque
298 1139 339 1176 id
356 1138 575 1189 reipublicae
594 1151 722 1184 031153,
743 1137 790 1176 de
809 1151 888 1198 qua
906 1138 1118 1200 desperavi,
1137 1152 1223 1200 quae
1242 1147 1279 1177 et

155 1207 260 1233 nunc
284 1192 424 1231 afflicta
442 1199 511 1239 est,
531 1204 601 1229 nec
619 1191 775 1230 excitari
795 1192 874 1230 sine
893 1192 994 1230 civili
1012 1193 1280 1243 perniciosissi-

155 1261 222 1286 mo
239 1247 340 1286 bello
358 1254 506 1298 potest:
537 1245 603 1283 sed
627 1253 664 1284 te
690 1247 934 1297 quaerebam.
965 1253 1092 1284 tecum
1113 1259 1192 1285 esse
1212 1260 1278 1285 011-

154 1302 309 1354 piebam
326 1315 336 1339 τ
367 1312 491 1352 neque
511 1300 592 1349 ejus
607 1299 661 1338 rei
671 1299 908 1348 facultatem,
929 1300 960 1337 si
979 1313 1058 1352 qua
1076 1300 1159 1349 erit,
1179 1313 1278 1352 prae-

155 1356 380 1395 tel-mittam.

209 1412 238 1433 “
258 1410 346 1460 Ego
363 1421 441 1455 me,
468 1407 509 1445 in
527 1407 600 1446 hac
618 1407 725 1447 0111111
739 1407 866 1455 031153,
886 1407 997 1447 facile
1014 1408 1277 1459 intelligebam

152 1463 354 1523 pugnandi
382 1461 530 1513 cupidis
560 1461 781 1500 hominibus
813 1474 891 1499 non
916 1462 1140 1500 satisfacere.
1190 1462 1277 1500 Pri-

153 1530 267 1556 mum
285 1516 388 1555 enim
413 1529 492 1567 prae
519 1528 582 1553 me
601 1515 688 1563 tuli,
708 1528 772 1552 me
791 1515 888 1553 nihil
906 1516 1036 1562 1113110,
1065 1528 1184 1567 quam
1206 1529 1276 1567 pa-

154 1584 265 1611 cem:
294 1583 373 1608 non
402 1569 498 1620 quin
528 1569 661 1607 eadem
690 1569 879 1617 timerem,
908 1583 995 1620 quae
1021 1569 1104 1608 illi:
1135 1569 1200 1608 sed
1232 1583 1277 1608 ea

154 1626 257 1665 bello
277 1624 378 1663 civili
401 1623 543 1661 leviora
572 1623 772 1661 ducebam.
817 1622 929 1670 Inde,
960 1631 1132 1674 suscepto
1157 1624 1274 1672 bello,

154 1691 245 1718 cum
270 1677 374 1729 pacis
402 1676 634 1715 conditiones
660 1676 709 1714 ad
733 1683 771 1714 te
800 1676 938 1724 afferri,
966 1690 989 1714 a
1013 1684 1128 1728 teque
1158 1677 1208 1715 ad
1233 1690 1277 1716 03

154 1732 362 1771 honorifice
380 1737 417 1769 et
434 1730 539 1781 large
566 1729 785 1781 responderi
809 1730 976 1768 viderem
993 1744 1003 1775 3
1034 1731 1129 1769 duxi
1147 1743 1276 1770 meam

152 1786 340 1825 rationem
357 1799 369 1827 z
399 1797 518 1835 quam
537 1784 608 1822 tibi
625 1784 735 1822 facile
753 1797 816 1822 me
834 1786 1101 1836 probaturum,
1120 1797 1191 1837 pro
1209 1792 1278 1824 tuo

152 1840 195 1879 in
213 1852 277 1878 me
295 1838 492 1884 beneficio,
512 1838 734 1876 arbitrabar.

209 1892 509 1931 “Memineram
520 1904 584 1930 me
603 1904 680 1930 esse
701 1903 839 1938 111111111,
854 1891 936 1942 qui,
952 1905 1021 1943 pro
1039 1892 1135 1931 meis
1149 1893 1275 1931 maxi-

151 1947 227 1986 mis
245 1947 286 1984 in
305 1945 583 1997 rempublicam
608 1944 768 1993 meritis,
796 1946 981 1996 supplicia
999 1946 1213 1985 miserrima
1237 1955 1275 1985 et

152 2000 415 2041 crudelissima
428 1999 696 2050 pertulissem·
726 2011 790 2037 me
809 2011 888 2037 esse
905 2011 1043 2062 unum,
1065 2001 1147 2052 qui,
1168 2001 1199 2039 51
1216 2001 1275 2039 of.

151 2055 359 2094 fendissem
378 2054 460 2102 ejus
480 2053 668 2100 animum,
689 2053 751 2091 cui
770 2060 869 2101 tum,
890 2066 979 2092 cum
995 2055 1079 2103 jam
1096 2055 1138 2092 in
1157 2054 1274 2093 armis

151 2121 334 2153 essemus,
354 2107 571 2145 consulatus
600 2113 730 2144 tamen
755 2107 862 2155 alter,
890 2114 927 2145 et
951 2108 1171 2160 triumphus
1189 2121 1273 2147 am-

151 2162 346 2213 plissimus
360 2160 612 2210 deferebatur,
628 2160 834 2211 subjicerer
847 2160 988 2201 eisdem
1003 2160 1163 2213 [proeliis
1177 2163 1212 2214 3]
1229 2169 1274 2200 ut
