1513 2382
219 87 298 125 266
415 85 495 124 AD
523 84 810 124 ATTlCUM.
842 84 941 122 Lm.
970 84 1047 125 IV.
1078 87 1142 125 18.

213 194 341 247 copias
358 194 472 233 nosti.
505 194 695 233 Scaurum
708 192 884 232 Triarius
901 206 1010 232 reum
1036 193 1137 233 fecit.
1166 193 1209 232 Si
1229 207 1334 246 quae-

213 250 280 297 ris,
314 249 423 286 nulla
446 256 501 287 est
527 260 760 299 magnopere
787 255 982 286 commota
1011 246 1238 294 συμπαθειαε
1268 249 1337 287 sed

214 310 345 341 tamen
364 303 480 341 habet
498 302 657 340 aedilitas
675 303 757 351 ejus
774 302 1001 340 memoriam
1019 314 1096 339 non
1113 301 1303 352 ingratam
1320 317 1334 349 ;

215 364 253 396 et
267 365 323 395 est
339 356 491 408 pondus
510 355 614 407 apud
630 355 788 394 rusticos
803 355 843 393 in
861 356 979 406 patris
997 354 1195 393 memori-21.
1226 357 1336 395 Reli.

216 411 284 463 qui
303 411 380 449 duo
398 410 537 462 plebeii
561 410 615 448 sic
640 416 903 461 exaequantur,
929 417 975 448 ut
993 408 1190 448 Domitius
1211 410 1336 450 valeat

216 465 362 511 amicis,
396 464 598 514 adjuvetur
631 471 761 501 tamen
792 476 870 501 non
905 463 1119 514 gratissimo
1147 476 1307 503 munere
1319 479 1335 511 ;

217 518 434 557 Memmius
453 517 613 558 Caesaris
633 517 921 555 commendetur
937 517 1138 566 militibus,
1158 518 1336 569 Pompeii

219 571 348 611 Gallia
374 572 546 610 nitatur:
578 571 718 622 quibus
747 571 777 609 si
795 583 874 609 non
898 571 1074 617 valuerit,
1093 578 1233 622 putant
1255 572 1337 611 fore

217 627 401 678 aliquem,
422 626 490 677 qui
509 625 663 664 comitia
679 625 720 663 in
735 625 944 663 adventum
963 624 1124 664 Caesaris
1141 625 1336 675 detrudat,

219 680 364 719 Catone
382 680 595 731 praesertim
613 679 800 718 absoluto.

271 736 340 773 Ab
361 734 509 782 Quinto
530 734 660 781 fratre,
682 740 719 772 et
750 746 774 771 a
803 732 966 780 Caesare,
987 733 1128 784 accepi,
1154 746 1190 772 a.
1209 732 1248 771 d.
1272 734 1340 774 IX

221 788 381 828 calend.
399 789 654 835 Novembres,
673 787 802 826 literas
827 787 1017 839 (confecta
1030 787 1248 836 Britannia,
1269 791 1339 828 ob-

219 843 364 882 sidibus
383 842 559 894 acceptis,
580 842 690 880 nulla
707 841 851 893 praeda,
870 841 1060 893 imperata
1076 848 1207 886 tamen
1223 855 1343 893 pecu-

220 897 303 943 nia)
323 897 431 935 datas
454 910 477 934 a
502 896 679 934 litoribus
703 895 930 942 Britanniae,
953 895 1130 947 proximo
1152 909 1188 934 a.
1207 895 1246 934 d.
1275 897 1339 937 VI

221 951 383 990 Calend.
415 950 554 989 Octob.
592 950 821 988 Exercitum
852 949 1058 988 Britannia
1084 952 1343 1001 reportabant.

221 1005 274 1054 Q.
297 1005 420 1044 Pilius
446 1012 525 1043 erat
551 1005 634 1054 jam
660 1003 710 1042 ad
738 1004 932 1043 Caesarem
960 1003 1164 1055 profectus.
1201 1004 1282 1053 Tu,
1309 1006 1345 1045 si

221 1067 289 1098 aut
308 1072 415 1098 amor
432 1059 474 1096 in
492 1066 530 1097 te
550 1066 606 1096 &st
624 1058 743 1096 nostri
761 1071 805 1096 ac
824 1066 994 1106 tuorum,
1009 1065 1078 1096 aut
1095 1058 1343 1108 ullaverhas,

221 1120 290 1152 aut
307 1113 339 1151 si
357 1114 474 1151 etiam
492 1112 607 1164 sapis,
623 1125 667 1150 ac
685 1111 762 1151 frui
780 1112 857 1151 tuis
875 1112 1085 1151 commodis
1099 1112 1254 1163 cogitas,
1273 1113 1344 1153 ad..

220 1175 375 1206 ventare
394 1175 431 1205 et
449 1179 566 1218 prope
580 1166 709 1204 adesse
723 1167 806 1216 jam
825 1166 951 1205 debes.
980 1167 1074 1205 Non
1088 1167 1348 1219 (mehercule)

223 1234 334 1272 aequo
353 1221 482 1258 animo
508 1227 545 1258 te
569 1233 689 1258 careo.
731 1220 792 1258 Te
810 1227 955 1267 autem,
984 1220 1080 1271 quid
1096 1220 1254 1268 mirum,
1275 1224 1345 1274 qui

222 1275 456 1326 Dionysium
476 1281 671 1325 tantopere
690 1273 900 1312 desiderem
915 1275 932 1312 ἓ
962 1286 1079 1325 quem
1098 1274 1254 1325 quidem
1273 1279 1344 1317 abs

221 1338 273 1376 te,
295 1341 384 1367 cum
403 1328 482 1366 dies
501 1328 658 1374 venerit,
679 1335 716 1365 et
735 1340 818 1378 ego,
840 1334 878 1366 et
906 1327 1041 1366 Cicero
1065 1340 1174 1366 meus
1192 1329 1345 1380 flagita-

220 1384 290 1422 bit.
321 1383 407 1421 Abs
426 1390 463 1420 te
481 1381 676 1433 proximas
700 1381 829 1420 literas
850 1381 1042 1421 habebam
1066 1381 1223 1434 Ephoeo
1246 1396 1282 1422 a„
1301 1385 1341 1425 d.

225 1437 267 1477 V
286 1436 347 1476 Id.
370 1437 477 1476 Sext.
499 1435 621 1474 datas.

443 1595 560 1648 (18.)
591 1596 804 1637 CICERO
831 1597 1059 1638 ATTICO
1085 1599 1128 1640 S.

279 1703 382 1742 Puto
400 1710 438 1742 te
455 1704 686 1754 existimare,
706 1719 770 1745 me
787 1719 905 1755 nunc,
920 1708 1085 1748 oblitum
1102 1711 1347 1750 consuetudi-

226 1757 286 1796 nis
304 1765 342 1796 et
359 1757 525 1796 instituti
540 1760 632 1808 mei,
653 1761 774 1800 rarius
792 1761 841 1799 ad
861 1770 898 1800 te
917 1763 1090 1810 scribere,
1111 1777 1230 1816 quam
1249 1766 1346 1804 sole-

226 1813 318 1850 bam
333 1825 345 1857 ;
375 1811 455 1859 sed,
476 1826 566 1851 cum
583 1814 667 1853 loca
685 1822 722 1853 et
740 1815 876 1854 itinera
895 1824 963 1855 tua
980 1818 1078 1855 nihil
1095 1818 1235 1858 habere
1253 1820 1344 1858 certi

225 1865 350 1912 video,
379 1878 505 1917 neque
532 1868 573 1905 in
591 1869 775 1920 Epirum,
799 1882 924 1921 neque
949 1871 1141 1920 Athenas,
1162 1885 1286 1925 neque
1303 1874 1346 1913 in

227 1919 382 1966 Asiam,
414 1933 539 1971 neque
568 1922 764 1974 cuiquam,
794 1923 869 1961 nisi
892 1924 942 1962 ad
969 1932 1006 1963 te
1026 1926 1155 1977 ipsum
1176 1927 1349 1978 proficis·

229 1973 343 2021 centi,
360 1973 447 2012 dedi
461 1975 600 2014 literas.
630 1977 772 2029 Neque
790 1978 894 2016 enim
906 1987 996 2017 sunt
1007 1992 1061 2018 eae
1079 1980 1247 2032 epismlae
1258 1993 1345 2020 nos-

228 2032 311 2074 trae,
331 2040 420 2078 quae
439 2028 470 2066 si
488 2030 644 2080 perlatae
667 2043 745 2069 non
769 2032 859 2080 sint,
878 2033 977 2070 nihil
1001 2046 1045 2071 ea
1061 2047 1121 2072 τῶ
1138 2046 1209 2072 nos
1225 2033 1346 2074 offen-

228 2093 318 2118 sura
336 2081 412 2127 sit3
447 2096 535 2133 quae
559 2091 712 2122 tantum
739 2085 882 2124 habent
905 2087 1188 2138 mysteriorum,
1217 2095 1262 2126 ut
1284 2102 1348 2128 eas

232 2145 282 2171 ne
292 2134 456 2174 librariis
467 2137 625 2188 quidem
636 2138 714 2177 fere
725 2140 1021 2180 committamus.
1049 2141 1259 2193 Lepidum,
1271 2155 1350 2194 quo

236 2187 409 2233 excidat;
440 2192 611 2230 consules
633 2192 797 2243 flagrant
824 2193 998 2241 infamia,
1021 2196 1125 2246 quod
1152 2195 1198 2234 C.
1221 2195 1352 2235 Mem-
