1513 2382
313 94 397 134 AD
425 92 720 133 DIVERSOS·
751 91 851 132 Lm.
871 91 991 133 XIV.
1021 95 1083 133 20.
1204 95 1254 139 79

144 201 264 254 regin,
293 201 335 240 in
354 201 432 254 qu'a
450 213 521 252 ego
545 213 645 248 sum,
676 208 890 239 nostrorum
921 208 976 239 est
993 213 1082 239 cum
1100 200 1260 252 oppido-

147 269 248 302 rum,
268 263 354 294 tum
372 256 483 293 etiam
500 255 755 305 praediorum;
784 261 828 291 ut
847 261 883 291 et
896 255 1065 292 multum
1084 267 1162 292 esse
1178 267 1260 293 me«

146 321 249 355 cum,
281 316 331 357 et,
363 321 451 347 cum
481 307 659 355 abieritis,
692 307 891 346 commode
914 315 951 345 et
968 307 1008 345 in
1027 308 1163 346 nostris
1183 321 1261 346 esse

147 363 307 414 possitis.

202 416 309 453 Mihi
326 415 439 467 plane
457 427 533 452 non
548 413 636 452 satis
655 420 801 452 constat
820 413 957 461 adhuc,
973 421 1104 452 utrum
1117 414 1164 452 sit
1181 427 1263 453 me-

148 468 234 507 lius.
265 469 346 507 Vos
364 469 500 514 videte,
517 467 610 519 quid
628 467 712 505 aliae
730 467 897 505 faciant
886 478 958 505 isto
976 468 1059 506 loco
1079 468 1260 513 feminae3

151 530 190 560 et
207 534 269 568 ne,
290 535 379 560 cum
398 522 534 568 velitis,
564 521 665 559 exire
685 533 760 559 non
789 521 909 559 liceat.
940 521 1003 568 Id,
1023 522 1151 569 velim,
1179 521 1265 559 (1511-

150 583 283 626 genter
315 576 430 613 etiam
457 583 573 626 atque
598 574 712 611 etiam
735 574 930 612 vobiscum
955 582 992 612 et
1021 587 1108 613 cum
1135 575 1266 613 amicis

151 628 402 667 consideretis.
432 629 586 666 Domus
615 634 660 665 ut
685 628 971 678 propugnacula
990 636 1026 666 et
1044 628 1266 679 praesidium

149 682 303 729 habeat,
324 682 532 720 Philotimo
551 681 692 719 dicetis.
722 681 776 718 Et
794 681 908 718 velim
927 681 1139 719 tabellarios
1158 681 1267 719 insti-

149 736 267 773 tuatis
286 743 417 781 certos,
438 744 482 774 ut
500 734 667 786 quotidie
686 734 831 785 aliquas
850 747 873 771 a
891 735 995 773 vobis
1013 735 1142 772 literas
1168 735 1263 773 acci-

149 789 267 839 piam.
313 788 490 826 Maxime
521 796 649 826 autem
672 787 758 825 date
782 800 937 838 operam
963 795 1008 826 ut
1032 788 1200 836 valeatis,
1230 788 1263 826 si

146 854 218 881 nos
239 842 353 880 vultis
373 843 511 881 valere.
544 842 609 880 IX
629 841 712 880 Cal.
734 841 908 885 Formiis.

298 999 315 1051 (
332 996 413 1047 19.)
444 996 504 1034 Μ.
517 996 567 1036 Τ.
584 996 630 1037 C.
659 997 973 1036 TERENTIAE
1006 998 1044 1037 S.
1059 998 1115 1037 D.

204 1104 786 1155 (Argu-mentum.—Dolorem
824 1118 872 1143 ex
909 1105 1125 1143 valetudine
1161 1104 1264 1143 filiae’

149 1173 236 1210 quae
262 1171 350 1197 cum
379 1166 484 1210 patre
513 1158 713 1196 Brundisii
730 1166 815 1209 post
834 1158 1092 1197 Pharsalicam
1119 1159 1266 1197 cladem

150 1220 242 1259 erat,
258 1212 471 1273 significat:
503 1212 608 1250 addit
627 1212 674 1250 de
699 1212 885 1264 propioris
909 1214 1075 1251 accessus
1103 1212 1266 1263 impedi-

149 1273 318 1313 mentis.)

204 1372 252 1411 In
269 1373 451 1412 maximis
468 1373 563 1411 meis
582 1372 775 1411 doloribus
801 1373 990 1411 excruciat
1007 1386 1071 1412 me
1089 1372 1266 1412 valetudo

151 1427 294 1466 Tulliae
317 1435 466 1466 nostrae.
507 1427 572 1464 De
591 1427 683 1477 qua,
704 1426 801 1464 nihil
820 1434 874 1464 est
893 1427 995 1478 quod
1015 1427 1064 1464 ad
1091 1434 1129 1465 te
1153 1427 1266 1478 plura

152 1480 339 1519 scribam:
360 1481 431 1519 tibi
450 1481 552 1518 enim
572 1493 680 1530 aeque
697 1493 849 1530 magnae
864 1493 962 1518 curae
977 1493 1056 1518 esse
1068 1488 1166 1519 certo
1178 1479 1267 1519 scio.

154 1534 272 1581 Quod
300 1547 363 1574 me
388 1534 544 1586 propius
563 1533 679 1571 vultis
706 1534 893 1580 accedere,
914 1534 1023 1572 video
1041 1535 1095 1572 ita
1113 1546 1190 1572 esse
1209 1533 1267 1571 fa-

153 1588 342 1626 ciendum.
370 1587 501 1626 Etiam
521 1594 607 1625 ante
625 1587 819 1625 fecissem:
842 1587 906 1625 sed
924 1600 986 1625 me
1005 1588 1128 1625 multa
1146 1587 1268 1637 impe-

154 1641 318 1690 dierunt,
339 1655 425 1693 quae
443 1654 491 1679 ne
509 1653 612 1678 nunc
638 1640 793 1692 quidem
817 1641 991 1691 expedita
1010 1648 1111 1679 sunt.
1151 1640 1226 1679 Sed
1244 1654 1268 1678 a

155 1695 369 1746 Pomponio
382 1701 555 1746 exspecto
567 1695 708 1740 literas,
725 1707 819 1744 quas
831 1694 879 1732 ad
890 1707 953 1732 me
966 1707 1082 1745 quam
1097 1694 1268 1745 primum

153 1748 392 1801 perferendas
409 1761 530 1797 cures,
550 1746 677 1786 velim.
706 1748 773 1786 Da
791 1760 945 1798 operam
963 1755 1007 1785 ut
1025 1748 1161 1786 valeas.

198 1908 314 1959 (20.)
344 1909 403 1949 M.
415 1908 464 1948 T.
482 1908 529 1949 C.
561 1907 877 1948 TERENTIAE
907 1908 1034 1947 SUAE
1065 1910 1104 1949 S.
1116 1909 1159 1948 P.
1174 1908 1230 1947 D.

210 2015 592 2066 (Argumentum.-
605 2016 812 2054 Recreatus
844 2013 961 2052 literis
993 2013 1164 2063 Caesaris,
1193 2025 1271 2053 non

158 2067 308 2108 dubitat
321 2070 476 2121 propius
494 2069 680 2109 accedere.
709 2068 842 2108 Parati
859 2080 949 2120 ergo
963 2069 1091 2107 omnia
1104 2067 1144 2107 in
1168 2066 1271 2107 'rus-

155 2122 292 2162 culano
307 2122 451 2175 jubet.)
