1513 2382
251 77 325 115 122
434 75 518 115 AD
546 74 845 115 DIVERSOS.
875 74 977 114 Lm.
1009 74 1131 115 XVI.
1166 76 1227 115 ll.

238 185 423 237 quinque.
465 185 553 237 Ego
576 185 617 222 in
646 184 854 222 Formiano
879 197 914 223 a.
927 183 967 222 d„
999 182 1068 221 ΙΙΙ
1093 184 1253 224 Calend.
1280 195 1358 223 aese

240 240 338 279 volo.
369 239 432 277 Ibi
445 246 483 277 te
498 248 541 277 ut
551 239 708 277 firmum
721 238 927 286 offendam,
942 238 999 276 mi
1017 238 1128 286 Tiro,
1145 238 1260 276 effice.

295 293 481 332 Literulae
498 307 609 341 meae,
623 293 700 331 sive
711 301 863 341 nostrae,
883 293 942 330 tui
955 291 1139 331 doeiderio
1151 291 1361 343 oblangu'e-

246 355 349 386 runt.
394 347 483 386 Hac
511 355 642 386 tamen
675 346 849 398 epistola,
877 359 997 398 quam
1026 349 1193 385 Acastus
1221 345 1364 393 attulit,

243 402 372 440 oculos
383 402 547 453 paulum
558 401 807 439 sustulerunt.
837 400 1048 452 Pompeius
1067 408 1147 438 erat
1165 400 1269 451 apud
1283 412 1361 445 me,

241 469 332 494 cum
359 457 443 494 haec
461 456 686 503 scribebam,
706 455 827 493 hilare
851 462 888 493 et
910 455 1084 493 libenter.
1122 454 1175 493 Ei
1193 453 1362 505 cupienti

240 510 373 549 audire
391 518 532 556 nostra,
553 509 649 557 dixi,
679 508 759 547 sine
788 516 826 546 te
853 508 983 546 omnia
1011 521 1100 546 mea
1127 516 1238 546 muta
1267 520 1360 546 esse.

239 563 306 602 Tu
332 564 461 602 Musis
485 563 621 601 nostris
639 576 733 614 para
750 570 794 600 ut
821 575 954 613 operas
972 561 1119 600 reddas.
1150 562 1295 600 Nostra
1312 560 1362 599 ad

241 617 344 656 diem
364 618 506 656 dictam
530 617 635 656 fient.
664 616 792 655 Docui
810 616 915 654 enim
933 623 984 662 te,
1001 615 1093 654 fides
1114 631 1239 662 ετυμον
1258 615 1363 666 quod

242 671 410 710 haberet.
457 671 536 709 Fac
561 671 675 723 plane
703 678 748 709 ut
765 671 906 708 valeas.
934 669 1019 708 Nos
1040 668 1111 719 [ad
1129 669 1364 720 summum.]

248 725 363 764 Vale.
396 723 505 763 XIV
520 725 606 764 Cal.

241 888 259 939 (
280 885 362 937 ll.)
394 886 455 925 M.
468 886 517 924 T.
553 885 630 924 ET
651 884 698 925 C.
719 884 1021 924 TERENTIA
1041 884 1115 923 ET
1129 884 1365 937 TULLIA‚

301 941 357 986 Q„
378 940 613 980 FRATER
639 939 717 979 ET
746 940 800 985 Q„
821 940 868 979 F.
887 939 1094 979 TIRONI
1123 941 1163 979 S.
1181 940 1227 979 P.
1240 940 1297 980 D.

300 1049 629 1103 (Argumentum.
644 1071 699 1081 —
713 1051 857 1102 Rogat,
873 1058 918 1089 ut
935 1049 1164 1090 valetudinis
1177 1050 1290 1090 unice
1307 1063 1368 1091 ra-

242 1105 387 1143 tionem
409 1106 560 1145 habeat.
589 1104 653 1143 De
671 1118 741 1143 suo
759 1105 809 1142 ad
827 1105 977 1144 Urbem
1001 1105 1183 1152 adventu,
1212 1105 1261 1144 de
1284 1112 1366 1144 tur-

240 1159 331 1197 bato
349 1166 451 1197 statu
474 1159 568 1210 reip.
589 1166 626 1197 et
644 1158 692 1197 de
711 1159 908 1211 triumpho
925 1171 970 1198 ac
989 1158 1192 1211 Campana
1208 1158 1366 1211 praefee„

243 1212 346 1262 tura,
367 1211 589 1264 significan)

293 1320 382 1359 Etsi
400 1321 727 1373 opportunitatem
745 1334 870 1373 operae
887 1327 965 1359 tuae
983 1320 1164 1360 omnibus
1181 1320 1273 1360 locis
1297 1322 1364 1362 de-

242 1374 378 1424 sidero,
397 1382 528 1413 tamen
553 1387 629 1413 non
648 1382 730 1413 tam
757 1388 846 1414 mea
865 1388 984 1427 quam
1011 1374 1079 1413 tua
1102 1376 1216 1414 causa
1241 1376 1364 1426 doleo,

243 1437 281 1467 te
299 1441 376 1467 non
395 1430 532 1467 valere.
575 1428 665 1476 Sed,
696 1442 786 1468 cum
803 1429 845 1466 in
870 1437 1098 1480 quartanam
1117 1441 1295 1469 conversa
1312 1431 1369 1470 vis

249 1490 306 1521 est
333 1483 473 1529 morbi,
495 1483 568 1535 (sic
587 1483 689 1522 enim
713 1483 842 1522 scribit
864 1482 1024 1534 Curius)
1054 1496 1176 1535 spero,
1202 1491 1253 1531 te,
1281 1484 1369 1522 dili-

243 1536 376 1587 gentia
406 1511 593 1584 adhibita,
624 1537 740 1575 etiam
771 1537 979 1576 firmiorem
1010 1536 1102 1576 fore.
1140 1537 1265 1576 Modo
1293 1537 1368 1587 fac,

252 1590 326 1642 (id,
347 1590 452 1643 quod
468 1591 720 1630 humanitatis
738 1598 815 1629 tuae
834 1590 907 1641 est)
937 1603 986 1629 ne
1013 1591 1109 1643 quid
1132 1591 1238 1630 aliud
1263 1605 1369 1632 curoe

245 1645 317 1684 11οο
336 1652 521 1696 tempore,
541 1645 615 1684 11151
642 1652 687 1683 ut
714 1658 833 1697 quam
852 1645 1159 1684 commodissime
1177 1646 1369 1685 convales-

245 1711 322 1737 cas.
351 1699 445 1737 Non
463 1699 611 1760 ignoro,
631 1707 822 1751 quantum
841 1712 888 1738 ex
907 1699 1091 1738 desiderio
1109 1700 1282 1738 labores.
1303 1701 1369 1739 sed

247 1760 360 1791 erunt
378 1753 508 1791 omnia
526 1753 666 1802 facilia,
687 1754 720 1791 si
738 1753 893 1792 valebis.
921 1753 1118 1792 Festinare
1140 1760 1178 1791 te
1196 1753 1299 1802 nolo,
1319 1766 1368 1793 ne

247 1817 398 1845 nauseae
411 1808 628 1846 molestiam
640 1807 821 1860 suscipias
836 1820 949 1859 aeger,
963 1815 1000 1846 et
1017 1807 1226 1859 periculose
1243 1807 1369 1847 11101110

251 1872 420 1912 nav1ges.

300 1914 388 1965 Ego
416 1914 466 1952 ad
495 1915 645 1954 Urbem
672 1915 808 1954 accessi
834 1915 957 1966 pridie
985 1914 1119 1953 Nonas
1144 1915 1364 1955 Januarias.

248 1967 419 2006 Obviam
433 1969 531 2007 mihi
549 1970 604 2008 sic
622 1978 678 2009 est
696 1969 906 2021 proditum,
927 1978 971 2008 ut
989 1968 1087 2007 nihil
1104 1969 1270 2020 potuerit
1288 1969 1369 2008 fieri

245 2022 430 2060 ornatius.
458 2023 534 2062 Sed
547 2023 691 2062 incidi
680 2036 722 2061 m
735 2023 860 2075 ipsam
873 2023 1072 2061 flammam
1092 2022 1211 2061 civilis
1229 2023 1368 2062 discor-

247 2074 336 2122 diae,
357 2077 418 2114 vel
443 2076 570 2128 potius
594 2077 710 2116 belli.
741 2077 804 2116 cui
830 2089 920 2116 cum
948 2089 1127 2130 cuperem
1155 2076 1313 2126 mederi,
1332 2087 1370 2116 et

251 2130 314 2180 (ut
353 2130 531 2180 arbitror)
564 2144 740 2183 possem;
775 2130 1001 2183 cupiditates
1030 2138 1219 2170 certorum
1246 2130 1372 2169 homi-

257 2195 354 2221 num
373 2186 482 2226 (nam
497 2198 544 2225 ex
564 2185 728 2237 utraque
746 2194 854 2237 parte
872 2193 975 2235 sunt,
995 2186 1062 2239 qui
1080 2197 1252 2237 pugnare
1270 2186 1378 2239 cupi-
