1513 2382
180 116 259 156 394
352 114 435 154 AD
463 111 743 153 ATTICUM.
777 113 871 152 Lm.
892 111 1017 152 VIII.
1053 114 1115 152 16.

179 231 349 275 tempore
372 223 422 261 ad
450 222 571 261 ullam
599 220 854 261 conditionem
883 221 1015 273 possit,
1044 219 1168 272 magis
1184 226 1290 271 opto,

176 290 296 329 quam
311 290 430 328 spero.
460 276 549 325 Sed,
570 289 659 315 cum
677 275 896 324 constiterit,
916 282 955 312 et
972 275 1105 313 timere
1124 273 1290 320 desierit,

177 338 264 369 tum
281 330 461 382 incipiam
480 343 558 369 non
575 330 771 381 desperare
796 335 904 367 tuam
921 328 1184 368 auctoritatem
1202 327 1292 378 plu-

179 384 324 423 rimum
342 384 445 435 apud
465 398 554 423 eum
568 384 783 422 valituram.

234 440 262 460 “
283 438 402 485 Quod
419 438 633 476 Lentulum
650 449 797 484 meum,
823 435 1030 484 consulem,
1050 434 1205 473 voluisti
1225 433 1291 473 hic

182 503 391 538 remanere,
423 491 563 530 Caesari
595 497 762 542 gratum,
787 489 885 527 mihi
909 501 997 526 vero
1032 488 1292 539 gratissimum

180 544 346 588 (medius
363 544 492 592 fidius)
518 544 650 582 fecisti.
680 545 787 582 Nam
803 543 917 581 illum
935 542 1031 580 tanti
1048 541 1160 589 facio,
1182 539 1294 593 [qui]

177 611 255 637 non
274 598 462 637 Caesarem
476 598 598 648 magis
617 597 774 648 diligam
790 611 800 634 ε
831 596 900 648 qui
917 595 949 634 si
967 608 1100 647 passus
1118 601 1213 634 esset
1223 607 1293 633 nos

177 665 320 700 secum,
335 660 379 690 ut
391 654 674 698 consueramus,
690 650 812 702 loqui,
829 657 867 688 et
884 661 961 687 non
976 662 1016 688 se
1032 656 1158 687 votum
1177 648 1293 686 etiam

177 713 216 744 et
234 706 349 745 etiam
369 708 417 744 ab
446 717 616 744 sermone
643 711 771 743 nostro
790 703 995 751 avertisset,
1014 703 1143 741 minus
1160 701 1292 749 miser,

179 772 298 810 quam
317 772 419 806 sum,
440 771 573 798 essem.
616 759 724 797 Nam
753 771 843 796 cave
873 763 997 808 putes,
1026 756 1100 795 hoc
1124 763 1295 807 tempore

180 813 268 864 plus
286 826 350 851 me
369 825 604 864 quemquam
622 811 804 857 cruciari3
825 810 930 862 quod
948 823 1051 857 eum,
1072 822 1191 861 quem
1207 815 1296 847 ante

179 879 245 905 me
276 866 407 917 diligo,
428 866 538 904 video
568 866 609 903 in
642 865 842 904 consulatu
866 864 1018 915 quidvis
1041 863 1169 914 potius
1199 875 1293 910 esse,

180 933 299 972 quam
313 920 519 958 consulem.
559 919 677 966 Quod
696 918 727 957 si
752 918 913 957 voluerit
930 917 1001 955 tibi
1019 919 1293 967 obtemperare,

181 981 219 1012 et
236 973 346 1012 nobis
369 973 417 1012 de
436 974 584 1012 Caesare
599 972 762 1019 credere,
789 978 827 1009 et
845 971 1085 1009 consulatum
1103 970 1297 1020 reliquum

179 1027 318 1065 Romae
331 1040 523 1078 peragere,
543 1025 722 1076 incipiam
752 1037 913 1076 sperare,
933 1024 1049 1062 etiam
1067 1023 1220 1062 consilio
1239 1035 1297 1061 se-

177 1083 302 1129 natfis,
324 1087 473 1119 aucmre
497 1086 547 1128 te,
567 1080 634 1117 isso
652 1079 823 1125 relatore,
851 1077 1082 1129 Pompeium
1109 1084 1146 1116 et
1167 1075 1293 1116 Caesa-

177 1147 260 1173 rem
290 1134 470 1184 conjungi
494 1146 616 1186 posse.
657 1132 776 1181 Quod
794 1132 826 1170 si
842 1131 988 1171 factum
1017 1131 1100 1179 erit,
1119 1143 1183 1169 me
1201 1129 1292 1168 satis

178 1188 319 1227 vixisse
336 1190 492 1239 putabo.

235 1244 264 1265 ‘⁶
284 1243 447 1281 Factum
467 1240 626 1280 Caesaris
644 1240 692 1279 de
711 1239 878 1278 Corfinio
905 1245 1031 1276 totum
1058 1245 1097 1276 te
1114 1239 1297 1289 probam-

178 1308 267 1333 rum
290 1295 392 1334 scio:
423 1294 628 1346 quomodo,
653 1294 694 1332 in
720 1292 943 1342 hujusmodi
974 1305 1029 1338 re,
1059 1290 1296 1330 commodius

178 1349 310 1388 cadere
328 1361 404 1386 non
423 1348 561 1399 potuit,
582 1360 700 1399 quam
719 1354 764 1384 ut
782 1359 839 1384 res
859 1345 938 1383 sine
956 1345 1139 1396 sanguine
1158 1343 1296 1382 confie-

178 1411 249 1441 ret.
291 1402 408 1441 Balbi
435 1402 511 1439 mei
530 1401 664 1452 tuique
681 1400 847 1438 adventu
865 1399 1094 1437 delectatum
1113 1406 1163 1446 te,
1184 1396 1295 1436 valde

178 1456 338 1507 gaudeo.
369 1456 410 1494 Is
428 1467 681 1507 quaecumque
694 1454 764 1492 tibi
779 1453 825 1491 de
841 1452 989 1491 Caesare
1006 1452 1117 1498 dixit,
1134 1463 1297 1502 quaeque

183 1510 313 1549 Caesar
350 1509 509 1560 scripsit,
541 1509 629 1556 scio,
660 1521 700 1545 re
725 1506 796 1545 tibi
823 1506 1012 1557 probabit,
1044 1517 1297 1557 quaecumque

179 1563 334 1602 fortuna
347 1564 429 1613 ejus
441 1562 569 1611 fuerit,
590 1561 782 1601 verissime
801 1560 1030 1612 scripsisse,‘’

393 1721 508 1768 (16.)
548 1718 762 1759 CICERO
787 1716 1011 1756 ATTICO
1040 1715 1080 1754 S.

232 1826 379 1866 Omnia
395 1826 493 1865 mihi
510 1827 660 1878 provisa
678 1832 780 1873 sunt,
806 1830 943 1877 praeter
960 1823 1153 1862 occultum
1172 1829 1210 1860 et
1228 1829 1291 1860 tu·

178 1888 264 1920 tum
282 1880 353 1919 iter
371 1880 420 1919 ad
438 1880 551 1919 Mare
569 1882 784 1931 Superum:
814 1879 886 1916 hoc
904 1877 1006 1915 enim
1025 1877 1122 1914 mari
1140 1875 1197 1913 uti
1216 1887 1293 1913 non

178 1947 383 1986 possumus
400 1933 472 1972 hoc
489 1941 659 1985 tempore
678 1933 780 1972 anni.
810 1932 912 1970 Illuc
930 1938 1072 1977 autem,
1093 1942 1170 1981 quo
1190 1941 1295 1980 spec-

178 1996 236 2027 tat
253 1988 417 2034 animus,
438 1994 475 2026 et
493 2000 569 2040 quo
580 2001 638 2026 res
652 1993 772 2035 vocat,
786 1986 864 2037 qua
878 1984 1052 2023 veniam?
1080 1983 1293 2022 cedendum

179 2042 284 2080 enim
302 2049 357 2080 est
375 2041 541 2080 celeriter
554 2055 566 2086 ;
586 2053 636 2080 ne
652 2041 749 2079 forte
767 2039 845 2091 qua
858 2052 899 2077 re
912 2037 1097 2089 impediar
1111 2045 1226 2088 atque
1237 2035 1293 2073 al-

179 2095 286 2146 liger.
316 2095 358 2133 N
359 2108 400 2134 ec
413 2108 501 2134 vero
514 2095 579 2134 ille
596 2108 659 2133 me
677 2094 796 2141 ducit,
810 2093 878 2144 qui
896 2091 1066 2136 videtur3
1088 2103 1204 2142 quem
1224 2102 1293 2140 ego

180 2148 375 2187 hominem
397 2155 712 2186 απολιτικωτατον
732 2147 907 2186 omnium
933 2146 1016 2194 jam
1046 2152 1134 2183 ante
1152 2145 1294 2194 cogno·

179 2214 287 2248 ram3
317 2214 418 2242 nunc
437 2215 524 2243 vero
546 2201 660 2240 etiam
686 2213 1076 2251 αστρατηγικωτατω.
1120 2198 1210 2237 Non
1231 2208 1296 2237 me
