1513 2382
238 102 316 140 302
454 101 537 138 AD
566 97 847 138 ATTICUM
880 96 1139 139 11112.V1.l-

235 215 366 258 perat:
396 220 440 246 33
457 207 536 255 vix,
559 207 600 245 in
618 206 742 245 foenus
761 204 936 256 Pompeii
954 203 1057 255 quod
1075 203 1165 242 satis
1182 203 1244 250 sit,
1261 203 1343 242 effi-

234 262 355 299 ciunt.
384 261 513 300 Amici
530 260 627 311 regis
644 260 721 298 duo
738 267 860 298 tresve
877 257 1078 309 perdivites
1091 264 1204 295 suntz
1234 257 1326 295 sed'
1315 257 1343 296 1i

235 327 350 352 suum
369 323 449 353 tam
463 315 663 365 diligenter
673 320 816 361 tenent,
835 324 954 364 quam
966 323 1036 363 ego
1053 318 1121 349 aut
1134 318 1191 348 tu.
1218 308 1343 362 Equi-

234 367 324 406 dem
352 381 431 407 non
458 368 588 407 desino
615 374 743 406 tamen
769 379 836 418 per
856 366 983 404 literas
1008 377 1152 416 rogare,
1171 364 1342 413 suadere,

234 434 408 460 accusare
425 434 566 472 regem.

288 475 493 513 Deiotarus
513 475 627 514 etiam
646 474 743 512 mihi
757 472 937 520 narravit,
957 485 997 510 se
1015 472 1064 510 ad
1089 484 1179 510 eum
1203 472 1345 523 legatos

234 528 382 567 misisse
404 529 452 567 de
480 542 521 567 re
547 529 687 566 Bruti.
678 543 687 551 ·
728 540 790 566 eos
814 527 886 565 sibi
909 538 1133 586 responsum
1160 525 1346 575 retulisse,

233 582 348 621 illum
377 595 454 620 non
482 583 632 621 habere.
662 581 717 619 Et
741 580 991 628 (mehercule)
1019 592 1089 629 ego
1114 579 1169 620 ita
1188 579 1346 629 judico·

234 636 332 675 nihil
351 636 417 673 illo
429 648 544 686 regno
559 635 768 687 spoliatius,
784 634 882 672 nihil
895 645 983 684 rege
1000 633 1182 683 egentius.
1211 632 1350 685 Itaque

235 697 304 728 aut
322 690 442 727 tutela
459 690 582 740 cogito
599 702 663 727 me
681 688 868 736 abdicare,
888 693 955 726 aut
973 689 1036 730 (ut
1052 698 1122 738 pro
1141 686 1347 727 Glabrione

236 741 423 792 Scaevola)
443 743 566 781 foenus
586 750 623 781 et
639 742 877 794 impendium
898 753 1081 779 recusare.

292 796 378 847 Ego
397 804 541 844 tamen,
571 810 668 848 quas
691 809 760 848 per
784 803 822 834 te
840 795 965 833 Bruto
988 793 1236 855 promiseram
1251 807 1348 846 prae-

236 849 413 898 fecturas,
445 850 507 888 M.
528 851 695 901 Scaptio,
723 849 774 887 L.
797 849 934 897 Gavio,
965 848 1034 899 (1111
1061 848 1102 886 111
1126 860 1243 899 regno
1267 861 1349 886 rem

236 903 353 942 Bruti
381 906 651 955 procurabant,
681 903 829 941 detuli·
860 914 930 940 nec
961 901 1065 940 enim
1091 901 1133 939 in
1144 900 1351 963 ’provincia

237 957 325 995 mea
353 958 656 1008 negotiabantur.
699 958 766 995 Tu
790 963 921 995 autem
947 955 1170 1004 meministi,
1200 967 1269 994 1103
1297 955 1351 996 sic

237 1023 362 1061 agere,
382 1019 441 1058 ut,
465 1018 560 1062 quot
584 1012 710 1058 vellet,
731 1010 973 1062 praefecturas
991 1015 1170 1057 sumeret,
1189 1008 1286 1048 dum
1301 1020 1352 1048 ne

236 1064 471 1114 negotiatori.
513 1065 652 1116 Itaque
676 1064 770 1102 duas
795 1064 830 1102 ei
851 1070 1032 1114 praeterea
1053 1061 1255 1103 dederam:
1283 1062 1352 1104 sed

243 1117 287 1166 ii,
285 1095 450 1169 Dquibus
469 1118 641 1169 petierat,
661 1118 710 1156 de
727 1117 922 1168 provincia
934 1116 1178 1155 decesserant.

289 1172 410 1210 Nunc
437 1184 617 1222 cognosce
646 1171 693 1209 de
717 1171 963 1215 Salaminiis3
1003 1169 1108 1221 quod
1139 1169 1248 1209 video
1279 1171 1350 1210 tibi

234 1224 351 1263 etiam
373 1237 518 1263 novum
542 1225 731 1272 accidisse,
760 1232 962 1285 tamquam
983 1223 1092 1261 mihi-
1132 1223 1350 1275 Nunquam

235 1279 338 1316 enim
358 1291 405 1316 ex
419 1278 487 1316 illo
501 1278 643 1326 audivi,
658 1278 767 1316 illam
778 1277 981 1329 pecuniam
998 1289 1078 1315 oese
1089 1289 1209 1316 suam.
1240 1276 1349 1325 Quin

235 1331 350 1370 etiam
369 1331 579 1370 libellum'
568 1332 687 1383 ipsius
705 1331 871 1379 habeo,
859 1343 900 1368 111
919 1343 997 1382 (1110
1015 1337 1084 1377 est,
1106 1332 1135 1353 ‘4
1148 1330 1349 1370 Salaminii

235 1385 438 1446 pecuniam
456 1385 595 1423 debent
613 1385 675 1423 Μ.
693 1384 844 1436 Scaptio
863 1391 900 1423 et
917 1384 964 1422 Ρ.
983 1383 1165 1432 Matinio,
1185 1383 1350 1424 familia-

235 1438 341 1476 ribus
359 1438 479 1477 meis?
484 1439 710 1477 ’Eosmihi
724 1437 990 1477 commendat:
1020 1437 1200 1476 adscribit
1216 1438 1345 1488 etiam,

235 1499 272 1530 et
291 1491 401 1543 quasi
420 1492 540 1530 calcar
558 1492 748 1539 admovet,
768 1491 1017 1530 intercessisse
1035 1504 1075 1529 se
1088 1503 1158 1542 pro
1174 1491 1220 1530 iis
1237 1505 1347 1555 11133-

234 1556 328 1582 nam
355 1558 570 1596 pecuniam.
609 1544 871 1593 Confeceram,
899 1551 942 1583 ut
967 1543 1167 1593 solverent,
1191 1547 1348 1585 centesi-

235 1598 310 1638 mis
329 1599 499 1637 sexennii
517 1598 641 1637 ductis
660 1611 749 1638 cum
766 1598 1007 1637 renovatione
1025 1598 1262 1648 singulorum
1279 1613 1349 1638 an-

234 1663 385 1691 norum.
427 1652 483 1690 At
509 1653 684 1703 Scaptius
709 1659 912 1704 quaternas
937 1651 1164 1703 postulabat.
1204 1652 1348 1703 Metui,

233 1705 268 1744 si
286 1706 538 1757 impetrasset,
559 1719 608 1745 ne
626 1713 669 1744 tu
694 1706 775 1757 ipse
792 1718 856 1745 me
874 1718 1002 1744 amare
1020 1705 1229 1744 desineres:
1257 1719 1350 1746 nam

236 1761 285 1797 ab
301 1759 422 1798 edicto
439 1772 526 1798 meo
543 1759 788 1807 recessissem,
809 1766 846 1798 et
864 1759 1067 1807 civitatem,
1086 1758 1128 1796 in
1144 1757 1300 1800 Catonis
1314 1768 1352 1800 et

235 1812 277 1850 in
294 1813 414 1864 ipsius
432 1807 548 1852 Bruti
565 1813 641 1852 fide
658 1813 837 1861 locatam,
851 1812 1023 1864 meisque
1032 1813 1223 1853 beneficiis
1240 1826 1350 1855 orna-

234 1873 329 1913 tam,
349 1867 522 1905 funditus
539 1867 799 1918 perdidissem.

290 1921 422 1971 Atque
439 1921 511 1959 hoc
530 1928 700 1972 tempore
728 1921 813 1972 ipso
834 1919 1015 1972 impingit
1037 1919 1135 1958 1111111
1153 1902 1350 1972 epistolam

236 1972 412 2024 Scaptius
434 1974 564 2022 Bruti,
584 1987 666 2012 rem
692 1974 801 2012 illam
828 1987 897 2012 suo
922 1974 1090 2024 periculo
1112 1987 1218 2020 aese3
1246 1975 1351 2035 quod

234 2038 304 2064 nec
326 2027 423 2064 mihi
445 2040 618 2079 unquam
636 2028 784 2067 Brutus
807 2027 968 2076 dixerat,
995 2039 1066 2066 nec
1092 2027 1186 2065 tibi.
1215 2029 1346 2078 etiam,

237 2086 282 2117 ut
300 2081 565 2130 praefecturam
576 2082 728 2133 Scaptio
745 2082 954 2120 deferrem:
984 2080 1025 2118 id
1043 2093 1130 2119 vero
1142 2093 1210 2132 per
1226 2088 1265 2121 te
1283 2095 1351 2122 ex-

236 2145 471 2184 ceperamus,
502 2135 825 2186 nenegotiatori:
860 2134 965 2186 quod
982 2134 1015 2172 si
1041 2133 1234 2186 cuiquam,
1259 2135 1350 2175 huic

236 2192 364 2225 tamen
390 2199 491 2226 non:
520 2188 645 2228 fuerat
670 2189 774 2228 enim
798 2188 999 2240 praefectus
1017 2187 1172 2240 Appio:
1202 2197 1239 2228 et
1263 2190 1349 2241 qui,
