1513 2382
326 74 410 113 AD
439 75 718 114 ATTICUM.
752 76 850 113 Lm.
881 74 931 112 V.
966 76 1026 113 12.
1153 76 1226 113 281

118 197 192 234 ego
203 196 266 222 me
277 195 354 221 non
364 183 464 221 belle
477 183 671 221 haberem.
699 183 805 221 Nam
820 183 928 220 illam
947 182 1235 235 [νομανανδριαν]

122 237 403 276 excusationem
432 249 482 274 ne
511 237 708 288 acceperis.
745 236 849 275 Cura
875 245 919 274 ut
951 237 1081 274 omnia
1105 237 1236 286 sciam,

122 291 186 329 sed
204 291 388 339 maxime,
408 297 453 328 ut
471 291 608 328 valeas.

331 427 455 505 ’(12.)
487 451 700 491 CICERO
730 451 952 491 ATTICO
981 453 1021 491 s.

176 558 389 610 Negotium
407 571 595 610 magnum
617 566 674 598 est
691 559 883 610 navigare,
904 566 1020 612 atque
1044 558 1084 596 id
1109 571 1240 597 mense

121 612 301 660 Quintili.
332 614 448 652 Sexto
460 613 521 651 die
539 613 688 651 Delum
703 613 867 651 Athenis
886 614 1061 652 venimus
1078 627 1088 650 ε
1118 612 1241 664 pridie

120 665 256 704 Nonas
275 667 470 714 Quintiles
484 680 508 704 a
526 667 672 705 Piraeeo
685 667 735 705 ad
754 667 923 714 Zostera,
940 674 1052 705 vento
1066 667 1239 713 molesto,

119 719 189 770 qui
207 732 276 758 nos
303 721 447 759 ibidem
473 721 600 759 Nonis
630 721 764 759 tenuit.
795 723 846 759 A.
876 721 913 758 d.
935 721 1047 759 VIII
1069 719 1162 758 Idus
1191 720 1240 757 ad

122 772 203 812 Ceo
229 774 426 823 jucunde:
456 773 546 812 inde
579 775 754 826 Gyarum
785 788 884 813 saevo
913 783 1041 823 vento,
1066 786 1144 812 non
1172 773 1240 811 ad-

112 831 254 866 ‘vel-so:
285 828 375 866 hinc
412 828 589 879 Scyrum,
620 828 709 867 inde
742 828 903 876 Delum,
935 836 1100 879 utroque
1129 827 1241 866 citius

119 894 239 932 quam
281 883 480 925 vellemus..
527 895 683 920 cursum
721 882 966 921 confecimus.
1009 882 1036 920 J
1040 895 1104 920 am
1139 881 1241 919 nosti

121 946 292 984 αφρακτα
325 935 595 973 Rhodiorum:
637 936 748 997 nihil,
777 936 880 998 quod
909 936 1039 974 minus
1079 936 1242 973 fluctum

119 988 216 1025 ferre
244 1001 329 1039 poss
313 989 372 1027 sit.
414 988 557 1050 Itaque·
584 998 663 1028 erat
690 990 731 1027 in
764 991 893 1028 animo
922 990 1020 1027 nihil
1049 989 1240 1036 festinare,

118 1041 221 1080 Delo
239 1055 308 1081 nec
333 1056 499 1091 movere,
519 1043 595 1081 nisi
613 1043 744 1082 omina
762 1059 994 1095 ακρωτηριων
1024 1059 1106 1096 upton
1128 1042 1243 1081 vidis-

121 1108 213 1133 sem.

173 1149 236 1188 De
266 1150 435 1189 Messala
464 1150 514 1188 ad
542 1158 596 1199 te,
624 1152 754 1189 statim
787 1161 828 1189 ut
857 1151 1002 1199 audivi,
1035 1151 1084 1189 de
1110 1150 1241 1201 Gyaro

119 1202 208 1241 dedi
227 1203 380 1248 literas;
411 1212 449 1242 et
476 1204 517 1242 id
536 1204 668 1255 ipsum
698 1205 901 1243 consilium
920 1212 1095 1243 nostrum
1125 1204 1241 1242 etiam

119 1257 170 1294 ad
189 1257 470 1302 Hortensium3
501 1259 563 1296 cui
594 1259 753 1310 quidem
772 1259 884 1297 valde
907 1273 1135 1306 avmywmwv.
1165 1257 1242 1296 Sed

120 1317 205 1349 tuas
223 1311 270 1349 de
289 1313 372 1361 ejus
382 1311 518 1361 judicii
538 1313 791 1361 sermonibus,
805 1322 842 1351 et
864 1309 1119 1364 (mehercule)
1136 1311 1242 1350 omni

119 1364 167 1402 de
198 1365 415 1416 reipublicae
440 1372 556 1413 statu,
582 1367 710 1405 literas
733 1374 925 1418 exspecto,
954 1373 1239 1415 πολιτικωτερον

119 1419 277 1470 quidem
311 1420 482 1471 scriptas,
515 1420 717 1471 (quoniam
742 1433 848 1459 meos
876 1433 967 1459 cum
989 1419 1241 1457 Thallumeto

120 1479 249 1510 nostro
273 1475 490 1524 pervolutas
521 1473 657 1524 libros)
687 1474 876 1524 ejusmodi
904 1474 1065 1525 inquam
1097 1472 1239 1520 literas,

120 1539 169 1565 ex
187 1526 328 1577 quibus
347 1541 431 1579 ego,
451 1540 529 1566 non
547 1528 642 1579 quid
660 1528 741 1576 fiat,
767 1530 880 1580 (nam
897 1528 939 1565 id
957 1527 1018 1565 vel
1037 1525 1241 1572 Helenius,

121 1580 179 1618 vir
197 1581 458 1631 gravissimus,
478 1589 602 1632 potest
616 1583 776 1628 efficere,
797 1582 913 1620 cliens
932 1578 1042 1628 tuus)
1064 1579 1129 1616 sed
1148 1579 1243 1630 quid

121 1633 300 1672 futurum
319 1634 378 1673 sit.
407 1635 540 1673 Etiam
560 1648 649 1673 cum
666 1636 749 1674 haec
766 1636 884 1687 leges,
903 1634 1132 1672 habebimus
1152 1645 1242 1671 oon-

121 1688 234 1727 511135.
264 1688 411 1727 01111113
428 1688 638 1740 perspicere
650 1689 804 1741 poteriS,
824 1689 872 1728 de
888 1687 1052 1737 Caesare,
1066 1686 1114 1724 de
1126 1687 1245 1725 Pom-

122 1742 223 1794 peio,
244 1742 402 1794 deipsis
417 1742 582 1792 judiciis.

178 1797 322 1835 Nostra
356 1804 485 1834 autem
511 1797 676 1848 negotia,
708 1797 892 1848 quoniam
910 1797 1050 1835 Romae
1075 1806 1245 1834 commo-

122 1851 230 1899 raris,
253 1852 407 1894 (amabo
426 1857 479 1898 te)
499 1851 658 1902 explica.
692 1848 769 1889 Cui
787 1850 842 1889 rei
858 1850 1010 1901 fugerat
1033 1861 1097 1887 me
1114 1848 1246 1887 rescri-

122 1906 227 1952 bere,
247 1904 295 1942 de
313 1912 416 1943 strue
433 1905 598 1943 laterum
616 1905 730 1956 plane
747 1918 852 1956 rogo.
881 1904 944 1943 De
962 1916 1079 1955 aqua,
1100 1902 1132 1941 si
1150 1901 1246 1954 quid

123 1958 262 2010 poterit
280 1958 375 2007 fieri,
396 1971 440 1996 eo
459 1959 509 1997 sis
528 1958 672 2006 animo,
688 1972 765 2010 quo
777 1959 872 1997 soles
891 1971 994 1996 esse:
1023 1969 1144 2018 quam
1160 1969 1245 2007 eg0‚

123 2025 216 2051 cum
234 2012 323 2050 mea
341 2020 488 2064 sponte,
509 2020 593 2050 tum
620 2013 697 2051 tuis
715 2013 967 2060 sermonibus,
987 2011 1135 2049 aestimo
1155 2011 1245 2061 plu-

127 2066 229 2104 rimi.
258 2067 364 2118 Ergo
382 2066 530 2127 aliquid
545 2065 730 2105 conficies.
761 2067 963 2114 Praeterea,
984 2065 1017 2103 si
1035 2064 1132 2117 quid
1152 2063 1246 2102 Phi-

125 2120 260 2172 lippus
289 2121 449 2172 rogavit,
471 2120 607 2172 quod'
597 2133 637 2159 m
663 2121 733 2161 sua
751 2134 792 2159 re
815 2120 970 2167 faceres,
997 2119 1036 2158 id
1054 2118 1170 2159 velim
1188 2117 1246 2156 fa-

856 2177 880 2212 2
902 2185 927 2211 11
949 2175 973 2211 3
