1513 2382
224 68 304 105 322
431 66 514 106 AD
540 67 828 108 ATTICUM.
856 69 958 107 Lm.
980 67 1058 107 VI.
1094 66 1134 112 7.

225 174 345 213 fidens
362 177 380 213 Ρ
409 174 476 227 qui
503 184 598 214 esset
626 175 762 215 dolor?
789 188 907 228 quem
931 182 1039 228 pater
1066 186 1144 213 non
1172 173 1343 213 dimitte-

224 230 316 272 bat;
347 236 461 280 teque
494 229 534 267 id
571 242 733 277 censere,
763 230 922 269 moleste
948 229 1105 268 ferebat.
1151 228 1211 267 At
1238 239 1343 266 nune

226 282 385 331 Coelius,
405 295 481 320 non
500 283 584 321 dico
603 283 795 336 equidem,
823 283 918 336 quid
945 283 1089 336 egerit3
1116 282 1184 321 sed
1212 289 1342 321 tamen

225 336 351 374 multo
368 336 498 375 minus
515 337 656 375 laboro.

278 390 395 428 Adde
420 390 542 428 illud:
575 391 797 443 Pompeius,
827 403 872 430 eo
898 392 1032 430 robore
1048 390 1122 437 vir,
1141 389 1189 428 iis
1205 388 1343 428 radici-

224 445 310 492 bus,
324 443 376 491 Q.
393 443 568 482 Cassium
583 445 663 482 sine
675 452 772 483 sorte
784 445 937 496 delegit,
953 445 1082 484 Caesar
1094 443 1339 483 Antoniumx

224 510 295 547 ego
326 505 424 536 sorte
455 497 590 536 datum
622 499 851 537 offenderem
866 501 884 536 ?
911 506 957 536 ut
987 499 1104 536 etiam
1132 497 1343 550 inquireret

222 550 264 588 in
288 563 391 600 eum,
414 564 530 602 quem
548 551 785 603 reliquissem
802 554 820 590 Ρ
850 552 938 590 Hoc
967 552 1129 590 melius:
1159 558 1197 589 et
1221 551 1342 600 hujus

222 604 277 642 rei
295 605 407 655 plura
426 605 622 657 exempla:
644 606 827 644 senectuti
845 605 1002 657 quidem
1020 613 1158 644 nostrae
1175 603 1344 656 profecto

223 658 362 708 aptius.
390 659 450 696 At
468 668 519 706 te,
539 659 644 710 apud
662 672 766 707 eum,
781 660 868 701 (Dii
881 659 973 698 boni
986 659 1016 707 !)
1036 658 1182 711 quanta
1194 658 1236 696 in
1255 670 1343 709 grae·-

223 710 276 749 tiz'i
300 712 436 763 posui!
468 713 578 764 eique
608 713 685 764 legi
712 713 854 761 literas,
882 725 958 752 non
989 721 1089 761 tuas,
1109 712 1175 751 sed
1197 711 1344 750 librarii

223 765 294 803 tui.
321 766 552 805 Amicorum
570 767 688 806 literae
699 780 762 806 me
773 767 822 805 ad
836 767 1078 819 triumphum
1097 773 1246 815 vocant,
1258 777 1342 803 rem

224 833 248 857 a
265 819 389 867 nobis,
409 826 454 858 ut
471 834 540 872 ego
558 821 732 868 arbitror,
752 830 907 874 propter
932 821 1033 859 hanc
1061 826 1343 867 παλιγγενεσιαι

225 882 408 918 nostram,
429 887 506 912 non
532 875 813 926 negligendam.
853 876 999 924 Quare,
1030 881 1074 912 tu
1098 885 1267 926 quoque,
1285 871 1342 910 mi

224 927 369 975 Attice,
389 928 513 980 incipe
523 928 564 966 id
583 942 746 980 cupere;
774 942 853 980 quo
871 942 940 968 nos
957 928 1087 968 minus
1097 927 1219 979 inepti
1236 925 1342 966 vides

225 993 350 1020 amur.

424 1176 426 1179 v
458 1143 548 1194 (7.)
580 1144 794 1185 CICERO
820 1142 1044 1184 ATTICO
1071 1144 1112 1184 S.

276 1250 449 1298 Quintus
468 1252 583 1301 filius,
599 1253 661 1304 pie
676 1265 778 1301 sane,
799 1265 863 1291 me
880 1253 1038 1304 quidem
1056 1258 1154 1290 certe
1166 1250 1336 1288 multum

221 1302 410 1353 hortante,
441 1306 507 1344 sed
533 1315 762 1353 currentem,
782 1307 957 1344 animum
986 1305 1104 1358 patris
1133 1304 1193 1343 sui
1220 1303 1339 1342 sorori

223 1365 300 1395 tuae
317 1360 581 1398 reconciliavit.
624 1360 732 1398 Eum
757 1360 868 1399 valde
892 1360 1007 1398 etiam
1035 1367 1112 1398 tuae
1128 1358 1248 1396 literae
1270 1369 1340 1395 ex·.

220 1411 398 1451 citarum.
440 1413 549 1461 Quid
574 1415 713 1466 quaeris
726 1416 744 1453 ‚⁹
773 1414 921 1453 confido
949 1427 1049 1461 rem,
1074 1420 1120 1452 ut
1143 1412 1338 1459 volumus,

221 1478 315 1503 esse.

275 1519 346 1558 Bis
364 1520 414 1558 ad
432 1527 469 1558 te
487 1528 598 1560 antea
609 1522 739 1574 scripsi
750 1521 798 1560 de
816 1535 856 1560 re
869 1522 957 1560 mea
970 1519 1165 1568 familiari,
1180 1519 1212 1557 si
1222 1516 1338 1557 modo

220 1572 292 1611 tibi
310 1573 466 1612 redditae
484 1574 603 1613 literae
621 1584 724 1622 sunt,
739 1576 886 1623 Graece,
908 1591 941 1611 εν
962 1588 1142 1623 mvn-(paone.
1171 1572 1336 1621 Scilicet,

219 1626 318 1664 nihil
337 1635 392 1665 est
416 1629 663 1667 movendum.
689 1629 766 1668 Sed
786 1636 931 1676 tamen,
949 1633 1098 1678 αφελως
1114 1632 1339 1678 percontan-

218 1680 269 1718 do
288 1680 336 1719 de
353 1682 574 1721 nominibus
589 1683 765 1731 Milonis,
779 1690 829 1731 et,
845 1690 890 1721 ut
900 1680 1090 1733 expediat,
1109 1688 1154 1719 ut
1170 1679 1268 1718 mihi
1278 1691 1338 1718 re·

219 1734 333 1785 cepit,
353 1735 553 1783 hortando,
573 1736 720 1788 aliquid
737 1737 791 1774 ita
805 1744 848 1775 tu
865 1735 1048 1787 proficies.

222 1812 227 1814 ν
273 1788 362 1839 Ego
380 1790 579 1828 Laodiceae
608 1798 834 1842 quaestorem
860 1788 1097 1828 Mescinium
1121 1801 1142 1826 e

216 1842 330 1891 jussi,
350 1851 394 1880 ut
417 1844 603 1882 confectas
633 1845 796 1882 rationes
812 1845 896 1894 lege
914 1842 1025 1881 Julia
1044 1841 1148 1893 apud
1166 1841 1262 1879 duas
1283 1840 1336 1879 ci·-

218 1895 353 1934 vitates
370 1897 512 1947 possim
537 1898 762 1949 relinquere.
802 1897 989 1936 Rhodum
1015 1896 1101 1934 volo
1128 1906 1336 1946 puerorum

218 1949 355 1987 causti:
399 1950 488 1989 inde
523 1952 814 2003 quamprimum
851 1951 1048 1989 Athenasz
1089 1949 1158 1987 etsi
1192 1947 1336 1987 Etesiae

218 2003 327 2041 valde
339 2004 473 2042 reflant
490 2019 500 2043 :
531 2005 596 2043 sed
614 2006 728 2058 plane
746 2007 832 2044 volo
849 2006 910 2044 his
924 2003 1223 2055 magistratibus,
1239 2014 1338 2053 quo-

219 2068 307 2093 rum
327 2058 562 2097 voluntatem
585 2060 626 2096 in
645 2059 919 2111 supplicatione
937 2071 1024 2096 sum
1049 2064 1238 2108 expertus.
1268 2055 1334 2093 Tu

214 2118 341 2148 tamen
369 2112 478 2149 mitte
503 2113 614 2158 mihi,
640 2126 783 2164 quaeso,
810 2113 962 2152 obviam
981 2112 1121 2157 literas,
1141 2108 1332 2161 numquid

209 2171 319 2213 putes
334 2165 386 2202 rei
406 2166 568 2216 publicae
584 2167 738 2206 nomine
753 2166 989 2206 tardandum
1002 2177 1081 2204 esse
1099 2163 1220 2203 nobis.
