1513 2382
303 77 386 116 AD
413 75 692 115 ATTICUM.
724 76 822 114 Lm.
845 74 926 113 111.
961 78 1021 114 18.
1151 77 1229 114 229

336 184 452 232 (17.)
481 165 693 223 CICERO
723 182 943 224 ATTICO
972 186 1012 224 s.

170 293 234 333 De
251 292 400 342 Quinto
426 293 542 332 fratre
565 293 691 332 nuntii
719 294 828 332 nobis
856 294 994 340 tristes,
1024 306 1093 332 nec
1119 294 1228 341 varii,

114 355 295 388 venerant
320 360 366 385 ex
395 356 484 386 ante
505 347 607 386 diem
640 348 745 386 Non.
776 348 873 386 Jun.
901 361 1024 399 usque
1053 348 1101 386 ad
1130 348 1229 399 prid.

115 403 200 441 Cal.
220 403 324 453 Sept.
367 401 428 439 Eo
457 409 586 439 autem
616 401 677 439 die
699 401 911 449 Livineius,
940 402 1001 440 Μ.
1023 402 1166 453 Reguli
1184 403 1231 439 li-

115 457 259 503 bertus,
279 455 328 493 ad
351 468 414 493 me
439 469 462 493 a
486 456 639 506 Regulo
663 455 803 493 missus
831 456 946 494 venit.
994 456 1048 504 Is,
1075 455 1232 494 omnino

114 509 347 548 mentionem
360 509 509 547 nullam
520 509 657 547 factam
676 522 768 557 esse,
786 509 1000 555 nuntiavit;
1032 509 1098 547 sed
1116 509 1232 548 fuisse

114 569 245 602 tamen
264 575 475 601 sermonem
495 563 542 600 de
561 563 606 601 C.
627 563 754 602 Clodii
767 563 846 601 filio
864 578 874 601 z
904 563 1012 614 isque
1030 563 1127 600 mihi
1145 571 1230 601 tum

113 630 138 655 a
155 617 269 655 fratre
293 617 419 655 literas
438 617 577 655 attulit.
608 617 683 656 Sed
701 617 881 667 postridie
900 617 1021 656 Sextii
1039 616 1148 668 pueri
1167 631 1231 655 ve-

113 678 266 716 nerunt,
293 671 360 722 qui
375 684 397 708 a
415 678 451 708 te
470 671 596 708 literas
615 671 839 717 attulerunt,
860 683 936 708 non
957 678 1036 708 tam
1056 671 1230 722 explora-

112 731 170 762 tas
189 738 212 762 a
230 724 378 771 timore,
394 736 512 776 quam
532 737 653 762 sermo
672 724 838 762 Livineii
855 724 993 762 fuerat.
1025 726 1124 763 Sane
1144 738 1231 763 sum

111 777 153 815 in
178 791 264 816 meo
282 778 431 816 infinito
449 791 608 816 moerore
627 777 823 827 sollicitus,
844 784 881 816 et
900 791 943 816 eo
968 778 1106 829 magis,
1127 779 1232 830 quod

111 832 236 884 Appii
254 831 412 883 quaestio
425 839 492 870 est.

166 886 326 931 Caetera,
343 899 430 937 quae
448 886 496 924 ad
510 898 574 924 me
592 885 733 924 eisdem
751 886 870 924 literis
889 886 1017 925 scribis
1036 885 1083 924 de
1101 886 1231 925 nostra

110 953 192 991 spe,
212 939 383 991 intelligo
402 953 480 978 esse
504 940 758 991 languidiora,
780 953 899 992 quam
927 940 993 978 alii
1012 940 1230 979 ostendunt.

110 992 200 1045 Ego
221 1001 349 1031 autem
369 994 567 1045 (quoniam
586 1006 664 1031 non
687 994 800 1045 longe
825 996 874 1032 ab
908 1007 951 1032 eo
974 1001 1145 1045 tempore
1163 996 1231 1033 ab-

109 1060 258 1095 sumuS,
272 1047 314 1085 in
328 1060 416 1107 ‘quo
435 1061 493 1086 res
519 1047 806 1097 dijudicabitur)
826 1055 892 1086 aut
911 1047 961 1086 ad
980 1055 1017 1086 te
1036 1048 1228 1086 conferam

109 1112 186 1149 me,
203 1108 270 1139 aut
288 1101 403 1139 etiam
417 1114 521 1139 nunc
540 1101 683 1140 circum
697 1100 778 1140 haec
795 1101 881 1139 loca
898 1103 1173 1139 commorabor.

160 1154 299 1194 Scribit
317 1154 366 1193 ad
384 1167 447 1193 me
464 1155 594 1202 frater,
616 1154 746 1193 omnia
764 1168 833 1193 sua
858 1168 926 1206 per
945 1162 982 1193 te
1002 1167 1126 1193 unum
1145 1169 1228 1194 sus-

105 1208 229 1247 tineri.
275 1208 384 1256 Quid
413 1216 451 1246 te
479 1216 547 1247 aut
572 1209 714 1255 horter,
735 1209 839 1260 quod
866 1209 988 1248 facis?
1017 1216 1084 1247 aut
1114 1223 1228 1260 agam

102 1263 255 1313 gratias,
275 1262 379 1314 quod
393 1275 471 1301 non
485 1270 680 1314 exspectas
694 1265 712 1301 ἒ
741 1263 918 1301 Tantum
929 1262 1059 1311 velim,
1073 1263 1227 1301 fortuna

102 1317 168 1356 det
197 1317 306 1355 nobis
336 1324 577 1368 potestatem,
615 1324 660 1355 ut
691 1316 901 1355 incolumes
934 1329 1063 1355 amore
1097 1324 1227 1355 nostro

101 1370 358 1422 perfruamur.
385 1371 494 1410 Tuas
512 1371 639 1409 literas
663 1384 812 1422 semper
829 1370 1001 1410 maxime
1019 1377 1197 1422 exspecto
1214 1387 1224 1409 ι

100 1425 140 1462 in
161 1425 317 1475 quibus,
345 1437 435 1463 cave
459 1425 592 1473 vereri,
623 1437 672 1463 ne
697 1432 765 1463 aut
801 1424 1000 1475 diligentia
1029 1432 1097 1462 tua
1126 1424 1227 1462 mihi

99 1479 274 1524 molesta,
309 1486 376 1517 aut
404 1478 540 1518 veritas
572 1480 720 1528 acerba,
751 1478 812 1518 sit.
856 1478 950 1517 Dat.
980 1478 1080 1531 prid.
1116 1479 1224 1517 Non.

99 1533 295 1584 Septemb.

317 1690 436 1742 (18.)
469 1690 683 1731 CICERO
712 1688 931 1730 ATTICO
959 1689 999 1728 S.

150 1800 489 1853 Exspectationem
502 1770 612 1839 nobis
630 1812 707 1839 non
725 1810 883 1858 parvam
903 1795 1097 1843 attuleras,
1134 1805 1224 1832 cum

99 1855 313 1907 scripseras,
334 1855 550 1893 Varronem
567 1854 638 1892 tibi
665 1866 735 1905 pro
765 1851 933 1891 amicitia
962 1848 1184 1888 conflrmass
1186 1861 1221 1895 e,

98 1922 254 1948 causam
273 1916 443 1947 nostram
463 1908 694 1960 Pompeium
722 1913 822 1946 certe
845 1911 1138 1956 suscepturum.
1169 1909 1220 1949 et,

98 1963 216 2001 simul
233 1976 257 2000 a
278 1963 429 2002 Caesare
447 1963 482 2001 ei
506 1963 639 2008 literae,
659 1974 755 2013 quas
778 1965 1024 2011 exspectaret,
1053 1956 1222 1995 remissae

97 2023 235 2063 essent,
251 2023 443 2055 auctorem
455 2016 571 2054 etiam
583 2015 776 2054 daturum.
805 2014 951 2051 Utrum
965 2011 1006 2050 id
1019 2010 1117 2049 nihil
1128 2008 1220 2055 fuit,

99 2082 150 2108 an
168 2069 373 2109 adversatae
391 2077 482 2109 sunt
501 2069 660 2108 Caesaris
677 2069 827 2107 literae?
857 2079 907 2105 an
930 2073 986 2105 est
1012 2063 1190 2116 aliquid
1180 2074 1220 2100 m

98 2123 196 2174 spe?
223 2123 356 2162 Etiam
387 2123 486 2162 illud
523 2123 736 2174 scripseras,
770 2120 965 2167 eumdem,
1002 2117 1220 2158 secundum

99 2177 265 2224 comitia,
284 2178 438 2216 dixisse.

154 2231 321 2280 (Epist.)
342 2242 446 2269 vor..
469 2244 512 2269 11.
1028 2237 1057 2263 x
