1513 2382
219 102 298 140 254
408 99 491 138 AD
519 100 803 140 ATTICUM.
833 99 932 138 Lm.
963 99 1037 138 IV.
1070 99 1131 137 10.

221 210 323 256 cule)
343 207 497 248 effusus.
525 208 645 248 Venit
663 208 778 246 etiam
796 207 844 246 ad
862 219 927 246 me
943 207 984 245 in
1005 206 1228 245 Cumanum
1242 217 1266 243 a
1283 217 1341 244 se
1390 226 1393 227 ν

223 263 336 303 Nihil
363 262 492 300 minus
510 263 608 301 velle
624 262 722 300 mihi
745 261 848 300 visus
876 268 947 309 est,
978 273 1097 313 quam
1125 258 1336 297 Messalam

223 315 460 358 consulatum
482 323 631 367 petere.
661 315 710 354 de
727 329 804 367 quo
821 316 904 366 ipso
929 315 961 354 si
985 313 1080 366 quid
1109 313 1194 362 scis,
1220 312 1335 352 velim

225 372 328 412 seire·

278 424 396 472 Quod
415 423 578 462 Lucceio
596 422 724 461 scribis
738 430 776 460 te
786 435 854 460 nos
837 428 953 460 <tram
967 421 1129 473 gloriam
1143 432 1338 459 commen-

225 480 421 526 daturum,
442 486 478 515 et
497 477 698 515 aedificium
718 484 892 514 nostrum
920 476 1023 528 quod
1048 475 1205 514 crebro
1194 474 1339 535 invisis,

227 539 392 585 gratum.
422 531 594 591 Quintus
611 530 726 567 frater
744 530 793 567 ad
811 542 875 567 me
899 530 1059 581 scripsit,
1082 541 1136 577 se,
1157 528 1340 580 quoniam

227 587 449 626 Ciceronem
468 584 735 622 suavissimum
755 596 883 621 secum
900 583 1070 629 haberet,
1090 583 1140 620 ad
1159 590 1196 620 te
1214 581 1341 620 Nonis

229 640 350 679 Maiis
379 646 595 676 venturum.
629 637 717 687 Ego
745 649 809 675 me
837 636 885 675 de
916 610 1094 675 Cumaiio
1120 635 1225 674 movi
1253 642 1343 674 ante

229 695 333 732 diem
350 692 391 730 V
410 692 492 730 Cal.
513 691 665 729 Maias:
695 703 739 728 eo
769 691 830 728 die
860 690 1026 742 Neapoli
1052 689 1157 751 apud
1183 689 1233 727 L.
1257 689 1343 727 Pae-

231 755 341 786 tum:
370 752 458 784 ante
482 745 584 782 diem
612 744 675 782 IV
695 744 778 782 Cal.
798 744 942 794 Maias,
973 744 1053 783 iens
1081 744 1123 782 in
1142 742 1346 795 Pompeia-

233 814 344 849 num,
364 802 461 838 bene
474 810 587 836 mane
604 797 686 836 haec
705 798 850 849 scripsi.

451 959 564 1011 (ιο.)
595 959 806 1000 CICERO
834 959 1059 1002 ATTICO
1087 961 1127 1000 s.
1182 932 1188 938 ⁰

292 1068 464 1108 Puteolis
489 1081 653 1120 magnus
684 1076 739 1108 est
766 1081 910 1116 rumor,
937 1069 1192 1107 Ptolemaeum
1210 1079 1290 1107 aese
1311 1067 1354 1105 in

239 1136 370 1174 regno.
411 1123 453 1162 Si
471 1123 565 1174 quid
583 1123 699 1161 habes
725 1123 876 1170 certius,
897 1122 1012 1160 velim
1037 1123 1141 1162 scire.
1179 1122 1267 1173 Ego
1290 1121 1356 1159 hic

239 1190 374 1229 pascor
399 1177 628 1215 bibliotheca
646 1176 804 1214 Fausti:
834 1176 990 1214 fortasse
1020 1183 1065 1214 tu
1089 1177 1267 1227 putabas,
1297 1175 1361 1213 his

239 1233 353 1269 rebus
374 1231 593 1268 Puteolanis
619 1239 655 1268 et
674 1230 983 1268 Lucrinensibus.
1023 1230 1087 1268 Ne
1109 1230 1182 1268 ista
1199 1228 1358 1280 quidem

239 1285 400 1323 desunt:
431 1283 496 1321 sed
518 1283 767 1334 (mehercule)
787 1297 810 1321 a
829 1283 969 1321 caeteris
987 1283 1300 1322 oblectationibus
1313 1289 1359 1320 ut

241 1338 390 1376 deseror
424 1344 462 1375 et
495 1337 753 1388 voluptatibus
783 1344 937 1388 propter
967 1337 1244 1388 rempublicam
1260 1350 1273 1382 ς
1303 1335 1362 1374 sic

242 1391 360 1430 literis
379 1398 567 1429 sustentor
581 1398 618 1429 et
636 1403 803 1428 recreor:
833 1391 1013 1442 maloque
1031 1390 1072 1428 in
1085 1390 1154 1428 illa
1168 1390 1239 1428 tua
1253 1389 1358 1428 sede-

244 1445 345 1493 cula,
367 1458 485 1495 quam
513 1444 630 1483 habes
660 1445 731 1482 sub
760 1444 927 1495 imagine
947 1444 1187 1493 Aristotelis,
1215 1443 1358 1492 sedere,

245 1511 362 1551 quam
382 1499 424 1536 in
442 1498 602 1536 istorum
616 1498 710 1536 sella
723 1498 873 1544 curuli3
894 1506 1097 1550 tecumque
1108 1497 1213 1549 apud
1226 1504 1264 1536 te
1278 1509 1362 1534 am-

244 1553 391 1601 bulare,
412 1564 531 1603 quam
549 1565 639 1590 cum
657 1564 714 1600 eo,
742 1564 910 1604 quocum
927 1551 1036 1590 video
1055 1564 1133 1590 esse
1160 1550 1362 1590 ambulan-

246 1607 354 1645 dum.

301 1659 377 1698 Sed
394 1658 441 1697 de
455 1659 524 1697 illa
541 1659 800 1698 ambulatione
817 1658 895 1697 fors
908 1658 1058 1706 viderit,
1074 1664 1142 1696 aut
1160 1657 1192 1696 51
1209 1657 1277 1710 qui
1291 1665 1361 1705 est,

247 1714 317 1765 qui
335 1720 440 1751 curet
458 1713 578 1751 Deus.
609 1713 793 1751 Nostram
811 1713 1126 1773 ambulationem,
1142 1718 1180 1750 et
1198 1711 1364 1750 Laconi-

248 1780 352 1815 cum,
383 1779 517 1818 eaque,
545 1780 632 1818 quae
650 1766 774 1818 Cyrea
800 1765 889 1815 sint,
916 1767 1046 1814 velim,
1077 1765 1181 1817 quod
1207 1765 1366 1817 poteris,

245 1820 411 1865 invisas;
444 1828 480 1858 et
510 1833 645 1871 urgeas
674 1819 944 1868 Philotimum,
976 1818 1041 1869 [ut
1068 1826 1266 1870 properet3
1272 1820 1290 1871 ]
1318 1825 1368 1857 ut

246 1873 389 1926 possim
409 1873 478 1911 tibi
497 1873 667 1925 aliquid'
657 1886 698 1911 m
717 1886 760 1911 eo
777 1886 914 1924 genere
930 1873 1167 1933 respondere.

303 1926 538 1988 Pompeius
528 1940 569 1965 111
588 1927 810 1965 Cumanum
830 1927 1023 1966 Parilibus
1040 1926 1168 1965 venit.
1197 1925 1303 1964 misit
1315 1924 1366 1963 ad

247 1994 311 2020 me
329 1980 471 2027 statim,
492 1980 560 2032 qui
587 1981 750 2019 salutem
767 1980 970 2020 nuntiaret.
1000 1979 1062 2020 Ad
1080 1992 1170 2019 eum
1187 1978 1368 2031 postridie

250 2047 363 2073 mane
382 2033 580 2082 vadebam,
601 2047 689 2073 cum
707 2034 789 2073 haec
801 2034 944 2085 scripsi.
