1513 2382
287 72 366 112 AD
394 71 676 112 ATTICUM.
707 73 806 111 Lm,
837 65 888 111 V.
925 73 983 111 10.
1118 73 1198 117 277

309 179 404 233 (9.)
436 178 652 221 CICERO
679 179 903 220 ATTICO
932 181 972 219 S.

134 288 296 327 Actium
314 288 489 326 venimus
509 301 543 326 a.
563 287 601 326 d.
617 286 748 326 XVII
771 285 854 326 Cal.
870 286 1090 334 Quinffles3
1112 301 1201 326 cum

80 342 251 393 quidem,
272 350 310 381 et
330 341 505 392 Corcyrae
523 349 560 380 et
578 341 744 393 Sybotis,
765 342 990 380 muneribus
1009 342 1099 390 tuis,
1116 355 1203 393 quae

82 404 119 434 et
151 396 293 443 Areus,
325 404 363 434 et
394 409 503 434 meus
534 396 679 433 amicus
711 394 948 446 Eutychides
981 397 1135 447 opipare
1165 405 1202 433 et

81 456 455 499 φιλοπροσηνεστατα
486 450 595 487 nobis
625 456 901 499 congesserant,
934 449 1077 500 epulati
1103 461 1201 488 esse-

82 514 171 540 mus
201 502 386 541 Saliarem
411 502 451 540 in
481 503 654 541 modum.
684 503 800 540 Actio
822 503 1032 541 maluimus
1056 503 1127 540 iter
1145 502 1202 540 fa-

80 567 163 594 cere
179 556 354 607 pedibus,
375 557 443 608 qui
460 556 807 595 incommodissime
825 556 1201 607 11311153556111115ς61

81 607 275 648 Leucaten
295 610 442 648 flectere
453 611 659 648 molestum
670 610 882 648 videbatur.
913 610 1108 648 Actuariis
1127 624 1198 648 au-

80 670 160 701 tem
179 664 353 724 minutis,
374 664 510 702 Patras
529 663 702 702 accedere
721 664 800 702 sine
819 663 878 702 his
896 663 1195 715 impedimentis,

81 727 158 754 non
178 717 268 755 satis
286 717 412 755 visum
431 726 487 755 est
506 717 700 756 decorum.

137 770 240 821 Ego,
266 778 311 809 ut
329 784 430 822 saepe
451 778 494 809 tu
514 784 577 809 me
595 778 808 810 currentem
833 771 1006 810 hortatus
1032 784 1086 819 es,
1106 784 1202 823 quo-

81 822 174 861 tidie
205 824 381 872 meditor,
415 825 594 876 praecipio
619 825 740 869 meis;
772 825 909 863 faciam
943 825 1122 876 denique,
1156 833 1202 863 ut

81 877 238 915 summa
265 878 451 917 modestia
481 886 518 917 et
538 891 690 917 summa
708 878 938 917 abstinentia
961 891 1104 917 munus
1129 879 1202 917 hoc

83 931 426 971 extraordinarium
456 932 711 971 traducamus.
744 933 925 981 Parthus,
959 932 1087 979 velim,
1115 932 1202 984 qui-

85 991 199 1033 615631,
221 992 258 1023 et
275 985 430 1024 fortuna
448 998 517 1024 nos
532 987 666 1035 juvet.
696 994 825 1024 nostra
842 986 1118 1038 praestabimus.

137 1037 220 1087 Tu,
240 1052 383 1090 quaeso,
403 1039 498 1090 quid
519 1053 622 1090 agas,
647 1040 715 1078 ubi
733 1052 886 1091 quoque
905 1049 1075 1091 tempore
1092 1040 1201 1078 futu-

82 1103 149 1129 rus
169 1091 234 1139 sis,
255 1093 386 1144 quales
404 1106 462 1130 res
479 1102 624 1131 nostras
644 1094 782 1131 Romae
800 1093 1010 1144 reliqueris,
1030 1093 1201 1132 maxime

84 1144 133 1183 de
158 1144 243 1183 XX
272 1153 310 1184 et
334 1145 504 1194 DCCC,
526 1159 616 1184 cura
638 1155 682 1195 ut
707 1147 882 1185 sciamus
912 1147 976 1193 Id,
1002 1147 1090 1185 unis
1114 1147 1202 1185 dili-

82 1206 215 1249 genter
239 1198 359 1238 literis
381 1200 492 1249 datis,
522 1213 609 1251 quae
630 1201 679 1238 ad
706 1214 769 1239 me
791 1200 926 1252 utique
947 1201 1201 1252 perferantur,

81 1254 326 1312 consequere.
355 1254 462 1292 Illud
480 1262 610 1293 tamen
636 1254 838 1306 (quoniam
866 1266 970 1292 nunc
989 1256 1091 1302 abes,
1113 1267 1203 1292 cum

81 1303 124 1343 id
154 1317 230 1344 non
261 1306 413 1357 agitur3
443 1307 564 1346 aderis
593 1316 724 1347 autem
753 1308 801 1346 ad
832 1317 997 1359 tempus,
1029 1315 1074 1346 ut
1101 1308 1200 1346 mihi

82 1359 323 1411 rescripsisti)
352 1370 546 1400 memento
578 1375 708 1400 curare
735 1375 803 1413 per
827 1369 879 1408 te,
904 1369 942 1400 et
970 1375 1039 1413 per
1069 1373 1202 1400 omnes

81 1420 242 1462 nostros,
261 1414 301 1452 in
327 1415 462 1467 primis
480 1428 548 1467 per
567 1416 834 1477 Hortensium,
861 1424 906 1453 ut
924 1428 1048 1454 annus
1075 1423 1203 1454 noster

82 1475 237 1505 manaet
253 1481 323 1507 suo
337 1477 452 1517 statu,
472 1481 520 1508 ne
535 1469 630 1521 quid
647 1470 737 1508 novi
761 1469 995 1508 decernatur.
1025 1469 1114 1508 Hoc
1131 1468 1203 1507 tibi

84 1519 140 1558 ita
156 1521 313 1570 mando,
332 1531 378 1560 ut
396 1523 584 1571 dubitem,
605 1535 654 1561 an
675 1524 789 1561 etiam
810 1530 847 1561 te
874 1535 1020 1574 rogem,
1040 1529 1085 1560 ut
1102 1535 1203 1573 pug-

84 1584 167 1634 nes,
183 1585 232 1612 ne
249 1575 501 1614 intercaletur.
530 1576 606 1615 Sed
624 1589 700 1614 non
715 1576 838 1615 audeo
852 1577 923 1615 tibi
941 1576 1071 1615 omnia
1087 1588 1204 1614 onera

87 1626 308 1678 imponere·
337 1641 484 1668 annum
503 1630 660 1681 quidem
677 1630 813 1682 utique
830 1637 968 1669 teneto.

141 1679 277 1720 Cicero
293 1694 417 1730 meus,
443 1683 744 1722 modestissimus
762 1691 800 1722 et
827 1683 1074 1722 suavissimus
1091 1695 1203 1735 puer,

84 1733 156 1772 tibi
183 1735 345 1774 salutem
371 1736 474 1775 dicit.
503 1736 738 1788 Dionysium
763 1749 913 1788 semper
938 1737 1129 1788 equidem,
1159 1744 1205 1776 ut

86 1787 173 1835 5615,
193 1788 338 1836 dilexi;
367 1791 432 1828 sed
451 1790 620 1842 quotidie
633 1790 754 1842 pluris
772 1790 883 1851 facie,
898 1797 936 1828 et
953 1790 1204 1842 (mehercule)

85 1840 128 1879 in
155 1841 305 1904 primis,
336 1844 440 1896 quod
458 1851 496 1883 te
512 1851 631 1893 amat,
658 1857 728 1884 nec
744 1845 803 1883 tui
828 1844 1062 1883 mentionem
1086 1845 1204 1883 inter-

86 1894 191 1933 mitti
207 1896 308 1936 sinit.

304 2005 420 2057 (10.)
451 2005 667 2047 CICERO
695 2006 921 2048 ATTICO
947 2009 988 2048 5.

141 2112 199 2151 Ut
222 2112 399 2152 Athenas
422 2127 458 2152 3.
491 2115 529 2153 (1.
560 2116 598 2154 V
602 2116 645 2154 II
675 2114 760 2155 Cal.
789 2115 985 2164 Quintiles
1010 2127 1203 2159 veneram,

91 2168 356 2217 exspectabam
397 2167 450 2205 ibi
479 2169 564 2219 jam
595 2177 776 2221 quartum
809 2170 912 2208 diem
953 2169 1205 2208 Pomtinum:

145 2220 439 2270 (Epist.)v01.
464 2232 516 2259 11.
867 2225 891 2261 2
914 2235 938 2260 Β
