1513 2382
212 70 289 107 118
394 69 478 108 AD
508 69 806 110 DIVERSOS.
835 69 936 109 Lm.
956 69 1077 110 XVI.
1106 69 1144 109 6.

204 177 237 215 si
255 177 392 216 vixerit
405 186 544 217 tecum.
575 179 616 217 Is
627 179 757 218 omnia
774 179 965 231 pollicitus
983 183 1056 225 est:
1074 191 1162 229 quae
1181 176 1252 215 tibi
1271 189 1328 215 es-

205 239 289 269 sent
306 245 414 283 opus.
449 233 659 272 Facturum
677 242 784 284 puto.
815 233 921 272 Mihi
930 233 1119 284 placebat,
1132 231 1165 269 si
1182 231 1327 269 firmior

204 298 316 333 esses,
337 294 382 324 ut
399 295 436 325 te
450 287 667 326 Leucadem
679 288 906 339 deportaret,
919 296 965 325 ut
980 287 1037 325 ibi
1054 294 1091 324 te
1109 285 1223 336 plane
1237 296 1328 322 con-

207 340 389 378 firmares.
434 340 608 389 Videbis,
641 342 736 393 quid
765 341 898 389 Curio,
928 341 1023 392 quid
1052 339 1214 390 Lysoni,
1234 337 1329 390 quid

207 393 370 441 medico,
383 396 554 447 placeat„
572 397 762 434 Volebam
776 395 826 433 ad
837 403 875 433 te
889 394 1109 433 Marionem
1123 392 1328 438 remittere,

206 460 339 498 quem,
369 462 458 487 cum
487 449 712 487 meliuscule
740 449 811 487 tibi
838 457 947 497 esset,
977 448 1027 486 ad
1049 460 1112 486 me
1129 446 1326 484 mitteres:

206 501 272 539 sed
308 503 484 553 cogitavi,
505 516 601 542 unas
633 504 760 541 literas
788 503 1010 540 Marionem
1041 501 1174 539 afferre
1206 512 1330 551 posse,

206 567 270 593 me
288 565 418 594 autem
438 559 586 595 crebras
613 565 840 608 exspectare.
882 556 1031 594 Poteris
1058 555 1190 606 igitur,
1218 561 1256 592 et
1273 553 1330 590 fa-

206 609 296 658 cies,
317 610 349 648 si
368 624 431 648 me
453 610 594 661 diligis,
619 620 663 649 ut
682 611 852 662 quotidie
871 610 921 648 sit
938 611 1107 647 Acastus
1133 609 1175 646 in
1201 615 1328 658 portu.

208 663 333 701 Multi
352 672 475 713 erunt,
498 665 638 716 quibus
657 672 756 703 recte
780 665 908 702 literas
925 663 1015 701 dare
1033 662 1169 714 possis,
1189 661 1259 712 qui
1282 661 1332 699 ad

206 729 270 755 me
288 718 450 756 libenter
468 718 671 769 perferant.
706 718 903 770 Equidem
926 717 1063 756 Patras
1090 723 1247 754 euntem
1264 727 1333 762 nef

206 771 353 808 minem
371 772 678 823 praetermittam.

262 825 351 875 Ego
370 838 524 864 omnem
546 839 654 877 spem
683 826 742 866 tui
761 826 964 877 dih‘genter
981 823 1139 864 curandi
1156 823 1197 861 in
1216 822 1336 862 Curio

210 878 345 917 habeo.
374 880 487 917 Nihil
506 888 630 931 potest
647 881 715 919 illo
734 881 818 919 fieri
842 880 1065 927 humanius,
1094 878 1193 916 nihil
1216 877 1335 916 nostri

208 933 414 971 amantius.
450 934 503 972 Ei
521 942 559 972 te
586 941 713 972 totum
741 934 859 973 trade.
914 934 1026 972 Malo
1051 940 1088 971 te
1112 931 1229 983 paulo
1246 939 1333 983 post

207 987 414 1035 valentem,
445 1001 564 1039 quam
591 989 722 1027 statim
754 988 1008 1037 imbecillum,
1042 986 1180 1026 videre.
1230 985 1335 1024 Cura

206 1040 326 1091 igitur
338 1042 436 1079 nihfl
451 1042 571 1090 aliud,
591 1042 665 1080 nisi
684 1051 728 1081 ut
746 1050 790 1081 tu
808 1043 954 1081 valeas:
985 1048 1120 1080 caetera
1137 1053 1207 1091 ego
1225 1052 1334 1078 cura-

206 1096 268 1132 bo.
306 1095 441 1133 Etiam
459 1104 575 1147 atque
594 1097 710 1135 etiam
736 1097 832 1136 vale.
874 1095 1054 1135 Leucade
1078 1094 1332 1146 proficiscens,

209 1147 295 1186 V11
317 1149 413 1188 Idus
433 1150 644 1189 Novembr.

204 1312 292 1361 (6.)
339 1311 400 1351 M.
430 1311 686 1352 TULLIUS
727 1311 837 1352 CIC.
878 1310 1073 1350 PATER
1108 1309 1185 1350 ET
1223 1309 1332 1349 FIL.

458 1366 535 1406 ET
564 1366 618 1411 Q.
645 1367 697 1412 Q.
723 1365 929 1406 TlRONI
960 1367 1000 1406 S.
1011 1365 1067 1405 D.

261 1475 590 1527 (Argumentum.
604 1501 659 1508 —
678 1475 822 1526 Rogat,
842 1488 891 1513 ne
916 1474 1012 1527 quid
1038 1473 1207 1522 omittat,
1226 1472 1332 1525 quod

206 1529 255 1567 ad
274 1530 575 1582 recuperandam
594 1530 855 1568 valetudinem
873 1527 1048 1581 spectet.)

257 1637 431 1676 Tertiam
456 1638 504 1677 ad
523 1646 561 1677 te
578 1639 677 1677 hanc
703 1639 904 1690 epistolam
933 1637 1066 1689 scripsi
1092 1635 1225 1675 eodem
1253 1635 1331 1684 die,

205 1691 329 1742 magis
347 1692 513 1731 instituti
540 1692 618 1730 mei
642 1693 797 1731 tenendi
816 1692 945 1741 causa,
964 1691 1059 1743 quia
1075 1697 1210 1728 nactus
1229 1703 1332 1728 eram

206 1745 269 1783 eui
300 1746 446 1794 darem,
478 1759 612 1798 quam,
644 1759 721 1798 quo
750 1747 946 1795 haberem,
981 1744 1087 1797 quod
1118 1743 1335 1782 scriberem.

206 1798 334 1849 Igitur
361 1800 453 1838 illa:
485 1808 676 1852 quantum
694 1813 758 1838 me
776 1800 918 1851 diligis,
942 1806 1096 1837 tantum
1126 1797 1266 1836 adhibe
1292 1797 1334 1836 in

206 1862 244 1891 te
262 1853 483 1904 diligentiae.
508 1854 578 1892 Ad
593 1862 660 1892 tua
673 1853 970 1892 innumerabffia
987 1853 1030 1890 in
1047 1864 1112 1890 me
1126 1851 1251 1889 officia
1264 1851 1333 1889 ad-

204 1907 253 1944 de
271 1907 357 1954 hoc,
379 1908 483 1959 quod
502 1908 599 1946 mihi
627 1909 697 1947 erit
725 1908 988 1959 gratissimum
1008 1905 1209 1944 omnium:
1243 1917 1333 1943 cum

206 1961 435 1999 valetudinis
469 1963 656 2000 rationem
695 1964 759 2014 (ut
791 1961 920 2013 spero)
961 1959 1155 2007 habueris,
1194 1959 1335 1997 habeto

208 2015 327 2053 etiam
352 2015 618 2067 navigationis.
648 2017 697 2054 In
718 2016 875 2054 Italiam
894 2014 1075 2054 euntibus
1094 2012 1275 2051 omnibus
1288 2012 1338 2051 ad

207 2082 272 2107 me
302 2068 432 2107 literas
462 2070 586 2118 dabis,
616 2078 660 2108 ut
689 2083 761 2121 ego
790 2078 947 2109 euntem
973 2069 1110 2106 Patras
1140 2067 1336 2105 neminem

207 2123 469 2174 praetermitto.
507 2123 626 2174 Cura,
651 2137 743 2164 cura
768 2130 820 2174 te,
847 2123 903 2163 mi
923 2122 1041 2162 Tiro..
1060 2120 1231 2169 Quando
1252 2132 1331 2159 non
