1513 2382
313 116 396 154 AD
425 114 720 156 DIVERSOS.
752 116 851 154 1113.
883 116 1007 154 XIII.
1038 116 1104 153 29.
1213 117 1261 153 31

144 208 332 284 principia
350 236 428 275 quo
447 230 627 289 spectent.
657 223 707 262 Id
720 224 891 276 primum
911 234 1000 274 ergo
1018 221 1171 269 habeto,
1184 233 1263 261 non

143 277 225 315 sine
242 278 386 329 magna
407 278 588 329 justaque
613 290 727 316 causa
744 277 843 316 hanc
861 291 884 316 a
907 289 970 314 me
988 287 1264 314 commemora-

143 331 288 369 tionem
307 344 386 369 esse
403 331 556 370 factam.
589 331 636 370 C.
655 331 772 370 Ateio
791 331 978 383 Capitone
991 336 1078 368 utor
1095 328 1261 368 familia-

142 384 304 423 rissime.
333 385 374 423 N
377 393 450 423 otae
479 385 548 423 tibi
567 393 656 424 sunt
679 385 876 424 varietates
907 396 1084 422 meorum
1113 390 1262 434 tempo-

142 451 244 477 rum.
275 439 324 477 In
353 439 460 477 omni
478 451 614 490 genere
634 447 672 477 et
689 439 879 477 honorum
899 446 935 476 et
952 438 1130 475 laborum
1155 449 1260 475 meo-

143 505 247 539 rum,
280 500 317 531 et
340 493 506 541 animus,
537 500 575 531 et
603 506 731 545 opera,
763 501 800 531 et
822 492 1037 539 auctoritas,
1065 498 1102 529 et
1123 491 1259 542 gratia,

142 546 258 584 etiam
277 559 335 585 res
352 546 566 594 familiaris,
590 547 635 586 C.
660 546 857 598 Capitonis
875 552 1012 598 praesto
1028 545 1114 590 fuit,
1137 553 1174 583 et
1190 558 1260 596 pa-

140 600 229 647 tuit,
249 607 287 639 et
304 600 540 662 temporibus
560 608 597 640 et
614 601 778 639 fortunae
795 614 904 639 meae.

196 654 330 704 Hujus
358 655 597 706 propinquus
626 655 702 693 fuit
730 655 780 692 T.
811 653 1031 699 Antistius3
1072 653 1141 705 qui
1168 665 1258 692 cum

141 716 239 746 sorte
257 716 422 760 quaestor
446 708 718 747 Macedoniam
744 709 944 755 obtineret,
970 720 1095 759 neque
1114 707 1149 745 ei
1175 719 1259 746 suc-

141 773 291 800 cessum
323 770 432 808 esset,
467 763 674 815 Pompeius
702 763 743 800 in
781 775 865 801 eam
902 761 1136 822 provinciam
1169 774 1259 800 cum

139 816 308 854 exercitu
328 817 443 854 venit.
470 816 610 855 Facere
628 817 822 854 Antistius
841 816 937 854 nihil
965 815 1104 867 potuit.
1133 815 1257 863 Nam,

141 869 175 907 si
193 870 391 920 potuisset,
411 870 507 908 nihil
535 871 569 909 ei
587 871 721 909 fuisset
739 870 947 922 antiquius,
968 881 1087 921 quam
1116 869 1165 907 ad
1185 869 1259 907 Ca-

140 923 312 974 pitonem
354 927 503 975 (quem,
534 932 578 963 ut
609 932 821 976 parentem,
857 921 1058 974 diligebat)
1091 923 1255 969 reverti;

139 977 350 1028 praesertim
379 990 469 1016 cum
500 978 623 1025 sciret,
657 978 792 1030 quanti
820 977 853 1016 is
882 977 1072 1016 Caesarem
1104 976 1257 1025 faceret,

139 1043 365 1082 semperque
393 1031 551 1070 fecisset.
581 1032 672 1078 Sed,
703 1044 918 1092 oppressus,
952 1039 1104 1069 tantum
1133 1031 1261 1083 attigit

139 1084 295 1135 negotii,
316 1092 506 1146 quantum
523 1097 695 1123 recusare
712 1097 790 1123 non
807 1086 944 1136 potuit.

194 1138 298 1177 Cum
331 1139 543 1189 signaretur
575 1146 778 1190 argentum
804 1138 1039 1190 Apolloniae,
1065 1150 1143 1176 non
1170 1151 1258 1190 pos-

137 1204 225 1231 sum
254 1191 378 1231 dicere
402 1205 492 1231 eum
521 1193 731 1244 praefuisse,
765 1205 890 1244 neque
934 1205 1092 1243 possum
1120 1204 1260 1243 negare

140 1246 307 1293 affuisse,
328 1246 393 1285 sed
412 1259 490 1285 non
507 1247 597 1298 plus
615 1246 765 1285 duobus
796 1245 886 1298 [an]
907 1248 1029 1285 tribus
1047 1246 1256 1285 mensibus.

138 1299 291 1338 Deinde
309 1300 434 1339 abfuit
451 1314 475 1338 a
493 1301 648 1339 castris·
638 1329 648 1338 .
678 1300 778 1351 fugit
797 1313 910 1339 omne
928 1301 1138 1351 negotium.
1168 1300 1257 1339 Hoc

138 1353 236 1392 mihi
254 1361 298 1392 ut
327 1354 415 1392 testi
433 1354 549 1393 velim
568 1354 719 1392 credas:
755 1367 883 1393 meam
902 1354 1005 1392 enim
1022 1354 1088 1392 ille
1111 1354 1256 1392 moesti-

137 1407 232 1446 tiam
250 1408 291 1446 in
309 1407 376 1446 ino
394 1408 496 1446 bello
515 1408 691 1453 videbat3
721 1421 875 1446 mecum
893 1408 1023 1446 omnia
1041 1409 1257 1446 communi-

136 1463 260 1501 cabat.
290 1462 429 1513 Itaque
456 1462 603 1500 abdidit
632 1475 672 1500 se
692 1462 732 1500 in
762 1462 939 1500 intimam
970 1461 1256 1509 Macedoniam,

137 1528 215 1568 quo
243 1515 370 1567 potuit
400 1516 623 1567 longissime
648 1529 671 1554 a
692 1516 835 1564 eastris,
860 1529 938 1554 non
962 1515 1077 1554 modo
1106 1522 1152 1554 ut
1178 1528 1258 1553 non

136 1576 316 1621 praeesset
332 1570 405 1608 ulli
422 1570 589 1622 negotio,
608 1569 676 1608 sed
694 1570 810 1609 etiam
828 1577 872 1608 ut
890 1582 938 1609 ne
955 1570 1152 1608 interesset
1170 1569 1258 1621 qui-

139 1623 242 1663 dem.

192 1677 248 1726 Is,
263 1684 349 1729 post
366 1677 558 1729 proelium,
579 1691 618 1716 se
636 1678 685 1716 ad
703 1677 901 1716 hominem
919 1678 1185 1725 necessarium,
1200 1678 1254 1716 A.

139 1731 353 1780 Plautium,
383 1732 425 1769 in
453 1732 684 1783 Bithyniam
713 1732 885 1770 contulit.
917 1730 980 1770 Ibi
1009 1744 1099 1770 eum
1129 1732 1257 1771 Caesar

137 1797 227 1824 cum
253 1785 421 1834 vidisset‚
444 1786 543 1823 nihil
561 1799 706 1837 aspere,
736 1786 835 1824 nihil
861 1788 993 1824 acerbe
1022 1785 1144 1823 dixit:
1175 1786 1257 1824 Ro-

137 1851 244 1878 mam
259 1839 375 1890 jussit
392 1840 530 1879 venire.
561 1838 635 1878 Ille
645 1839 686 1877 in
704 1841 885 1878 morbum
899 1839 1079 1878 continuo
1096 1839 1256 1886 incidit3

137 1905 187 1932 ex
214 1905 294 1946 quo
320 1905 398 1932 non
425 1894 630 1933 convaluit.
659 1893 781 1945 AEger
811 1893 1017 1945 Corcyram
1046 1893 1174 1932 venit:
1204 1893 1259 1932 ibi

137 1955 196 1986 est
224 1954 412 1986 mortuus.
455 1947 719 1996 TestamentO,
753 1947 859 1998 quod
890 1948 1028 1986 Romae
1059 1947 1184 1985 Paulo
1221 1956 1259 1986 et

138 2001 328 2040 Marcello
347 2001 566 2040 consulibus
584 2001 736 2048 fecerat,
763 2001 883 2039 haeres
901 2015 949 2040 ex
967 2009 1075 2053 parte
1099 2001 1258 2039 dimidia

138 2063 177 2094 et
209 2054 321 2094 tertia
352 2063 409 2094 est
441 2055 604 2107 Capito:
635 2055 677 2093 in
706 2062 878 2093 sextante
906 2063 996 2094 sunt
1019 2055 1061 2101 ii,
1092 2067 1259 2106 quorum

138 2121 242 2160 pars,
274 2109 355 2148 sine
384 2108 467 2147 ulla.
495 2110 726 2160 cujusquam
755 2108 923 2160 querela,
956 2108 1111 2160 publica
1138 2115 1262 2160 potest

139 2175 247 2201 8558.
279 2175 324 2202 83
352 2170 409 2204 851
438 2162 488 2202 ad
517 2163 590 2203 HS
615 2162 756 2202 XXX.
787 2162 863 2203 Sed
888 2162 936 2201 de
957 2163 1029 2202 hoc
1054 2161 1181 2201 Caesar
1204 2162 1260 2201 vi-

139 2215 253 2255 derit.
