1513 2382
341 37 423 75 AD
452 34 734 74 ATTICUM.
764 34 868 73 Lm.
891 35 975 73 111.
1011 36 1074 72 15.
1200 35 1278 71 225

373 142 486 195 (15.)
519 141 737 184 CICERO
766 140 986 181 ATTICO
1014 143 1056 182 s.

164 251 336 304 Accepi
344 251 404 290 Id.
412 253 517 292 Sext.
529 259 694 305 quatuor
702 251 879 303 epistolas
891 251 1123 296 atemissas;
1139 262 1274 299 unam,

146 307 226 357 qua
237 319 300 345 me
312 307 506 358 objurgas,
521 315 566 345 ut
584 306 656 344 sim
668 305 839 351 firmior;
860 305 1034 352 alteram,
1052 318 1131 366 qua
1146 304 1274 342 Crassi

146 360 328 398 libertum
347 361 402 399 ais
422 361 493 399 tibi
510 361 558 400 de
584 374 672 398 mea
699 359 953 398 sollicitudine
972 359 1170 409 macieque
1188 371 1277 396 nar-

146 427 268 460 rasse3
291 414 456 463 tertiam,
477 428 554 467 qua
565 414 800 453 demonstras
815 421 899 451 acta
912 413 953 450 ιιι
972 421 1136 458 senatu3
1159 426 1274 464 quar-

145 476 227 506 tam
239 469 286 507 de
305 481 364 513 eo,
385 468 489 520 quod
507 482 530 507 a
549 470 723 508 Varrone
742 467 874 506 scribis
889 466 960 505 tibi
972 480 1050 506 esse
1072 467 1273 506 confirma-

145 530 230 560 tum
250 523 297 561 de
314 523 511 562 voluntate
530 522 719 574 Pompeii.

198 576 268 614 Ad
285 577 453 628 primam
472 578 542 616 tibi
552 578 624 615 hoc
642 577 790 622 scribo;
821 589 885 615 me
898 575 953 614 ita
971 575 1110 624 dolere,
1132 583 1176 614 ut
1194 588 1272 614 non

143 631 260 669 modo
273 644 296 669 a
313 639 443 670 mente
454 644 531 670 non
551 631 713 678 deserar,
724 631 787 669 sed
806 630 846 668 id
858 631 990 682 ipsum
1005 630 1171 679 doleam,
1191 644 1270 679 me,

144 693 226 723 tam
244 684 358 723 firma
379 693 509 724 mente
538 686 607 724 ubi
636 692 736 732 utar,
757 693 795 723 et
815 685 1061 736 quibuscum,
1093 697 1171 722 non
1200 684 1272 723 ha-

143 740 244 777 bere.
274 739 397 789 Nam,
413 740 445 778 si
464 747 507 778 tu
519 753 582 778 me
594 752 672 778 uno
684 751 762 777 non
777 739 857 777 sine
876 752 1035 777 moerore
1047 752 1162 786 cares,
1177 739 1273 790 quid

145 806 209 831 me
227 806 368 841 censes,
390 794 458 845 qui
477 802 514 832 et
532 801 571 832 te
590 802 628 832 et
645 793 853 831 omnibus?
884 802 935 839 et,
956 793 988 831 si
1007 801 1050 832 tu
1068 793 1272 832 incolumis

146 860 210 886 me
228 848 413 899 requiris3
436 860 556 900 ecquo
567 848 682 885 modo
701 861 724 885 a
742 860 805 885 me
823 847 947 899 ipsam
966 846 1270 885 incolumitatem

145 901 350 940 desiderari
368 910 479 954 putas
495 905 511 941 Ρ
542 902 648 940 Nolo
668 914 980 950 commemorare,
1001 901 1143 953 quibus
1157 904 1271 939 rebus

145 955 218 996 sim
234 956 430 1017 spoliatus,
450 969 528 994 non
541 956 666 994 solum
686 955 776 1007 quia
795 967 871 993 non
892 956 1057 1007 ignoras,
1075 955 1140 993 sed
1155 956 1271 994 etiam

145 1023 194 1048 ne
213 1010 411 1048 scindam
401 1023 483 1061 lpse
501 1010 671 1048 dolorem
692 1022 836 1047 meum.
867 1010 955 1048 Hoc
983 1009 1180 1058 confirmo,
1202 1022 1270 1048 ne-

145 1077 221 1115 que
235 1064 350 1102 tantis
369 1065 478 1103 bonis
499 1077 578 1102 esse
596 1063 790 1115 privatum
809 1077 1062 1116 quemquam,
1084 1076 1208 1115 neque
1227 1064 1269 1102 in

146 1126 270 1156 tantas
284 1118 454 1156 miserias
472 1118 660 1156 incidisse.

198 1172 295 1210 Dies
313 1179 443 1211 autem
462 1185 541 1211 non
555 1172 671 1210 modo
685 1184 762 1210 non
781 1173 883 1211 levat
900 1173 1050 1211 luctum
1064 1172 1182 1219 hunc,
1204 1171 1271 1210 sed

145 1226 260 1265 etiam
291 1234 418 1277 auget.
458 1227 499 1265 N
502 1239 567 1265 am
586 1227 712 1265 caeteri
730 1226 877 1265 dolores
897 1227 1124 1278 mitigantur
1143 1233 1272 1264 vetus-

144 1288 248 1327 tate,
276 1281 428 1319 hicnon
447 1288 573 1332 potest
590 1293 668 1318 non
688 1288 725 1319 et
746 1293 857 1319 sensu
877 1281 1071 1332 praesentis
1089 1279 1268 1329 miseriae,

143 1342 181 1373 et
199 1335 454 1373 recordatione
472 1335 673 1387 praeteritae
692 1335 793 1382 vitae,
815 1335 986 1386 quotidie
1004 1334 1147 1386 augeri.
1188 1334 1270 1372 De-

144 1388 266 1428 sidero
286 1389 390 1427 enim
404 1401 482 1428 non
501 1401 588 1427 mea
607 1389 747 1437 solum,
764 1401 889 1440 neque
907 1402 1027 1438 meos,
1048 1389 1114 1427 sed
1128 1401 1191 1426 me
1209 1389 1269 1440 ip-

144 1456 244 1481 sum.
274 1443 383 1492 Quid
401 1444 506 1482 enim
526 1443 641 1481 sum?
662 1443 738 1482 Sed
755 1455 832 1481 non
852 1443 991 1481 faciam
1008 1451 1051 1481 ut
1074 1450 1142 1481 aut
1156 1450 1269 1480 tuum

143 1497 322 1535 animum
340 1510 482 1548 angam
500 1498 679 1549 querelis,
693 1505 761 1535 aut
778 1497 874 1535 meis
890 1497 1112 1535 vulneribus
1131 1497 1270 1548 saepius

141 1563 281 1593 manus
297 1551 468 1590 afferam.
510 1552 632 1601 Nam,
660 1551 764 1612 quod
790 1565 934 1603 purgas
964 1565 1041 1599 eos,
1073 1563 1168 1602 quos
1199 1563 1271 1602 ego

142 1605 242 1643 mihi
260 1605 393 1656 scripsi
411 1605 604 1653 invidisse,
632 1612 670 1644 et
694 1605 735 1643 in
763 1605 816 1643 eis
845 1605 1063 1651 Catonem3
1093 1617 1163 1656 ego
1183 1617 1271 1643 vero

142 1666 294 1698 tantum
313 1659 426 1697 illum
440 1667 535 1711 puto
547 1661 595 1698 ab
608 1660 680 1698 isto
699 1660 835 1698 scelere
847 1659 1029 1707 abfuisse,
1043 1666 1088 1697 ut
1099 1659 1271 1697 maxime

143 1713 310 1761 doleam,
330 1714 420 1765 plus
439 1714 542 1765 apud
560 1726 625 1752 me
644 1714 928 1752 simulationem
952 1713 1130 1761 aliorum,
1151 1726 1271 1764 quam

141 1767 253 1806 istius
279 1767 410 1816 fidem,
439 1768 615 1806 valuisse.
646 1768 798 1815 Caeteri,
827 1780 923 1819 quos
941 1781 1098 1819 purgas,
1129 1766 1271 1805 debent

142 1822 240 1860 mihi
258 1822 413 1873 purgati
425 1835 516 1871 esse,
538 1822 610 1860 tibi
629 1821 660 1860 si
681 1830 781 1860 sunt.
812 1821 888 1859 Sed
906 1821 988 1859 haec
1008 1834 1089 1859 sero
1104 1820 1268 1872 agimus.

142 1875 270 1914 Crassi
284 1876 466 1914 libertum
481 1875 579 1914 nihil
593 1883 689 1927 puto
709 1875 851 1913 sincere
869 1876 1056 1913 locutum.

194 1930 246 1968 In
265 1938 399 1969 senatu
413 1943 496 1969 rem
514 1932 633 1982 probe
652 1929 782 1968 scribis
801 1937 940 1967 actam.
971 1930 1046 1968 Sed
1072 1929 1166 1981 quid
1186 1928 1270 1969 Cu-

140 1984 197 2022 rio
212 1986 230 2023 Ρ
259 1997 310 2022 an
334 1984 443 2022 illam
473 1985 684 2024 orationem
714 1995 792 2022 non
820 1983 913 2036 legit
929 1986 946 2022 Ρ
976 1997 1063 2035 quae
1087 1983 1191 2022 unde
1221 1984 1270 2021 sit

139 2038 301 2089 prolata,
321 2038 458 2077 nescio.
488 2038 565 2077 Sed
583 2038 727 2085 Axius,
750 2038 921 2087 ejusdem
940 2038 1016 2075 diei
1034 2037 1199 2076 scribens
1217 2037 1268 2075 ad

139 2104 202 2130 me
220 2099 318 2140 acta,
338 2105 415 2130 non
435 2092 489 2131 ita
502 2092 635 2130 laudat
656 2090 878 2131 Curionem.
907 2092 966 2130 At
980 2099 1102 2144 potest
1116 2091 1182 2130 ille
1196 2091 1267 2129 ali-

140 2145 233 2197 quid
252 2146 564 2198 praetermittere:
595 2153 652 2196 tu,
670 2145 743 2184 nisi
762 2145 866 2197 quod
885 2154 979 2193 erat,
1000 2145 1168 2198 profecto
1187 2158 1263 2184 non
