1513 2382
286 111 370 151 AD
398 110 694 151 DIVERSOS.
726 111 825 150 Lm.
853 111 980 152 XIII.
1013 115 1077 152 22.
1186 115 1239 152 23

191 221 310 275 (21.)
339 221 401 260 M.
414 220 466 259 T.
480 219 525 259 C.
554 220 675 259 SER.
706 220 973 261 SULPICIO
1003 222 1042 260 S.
1057 221 1103 260 P.
1117 221 1170 260 D.

179 329 500 380 (Argumentum.
516 354 571 362 —
583 327 644 366 M.
666 328 819 366 AEmilii
838 341 919 367 rem
937 328 1180 378 familiarem,
1205 339 1242 369 et

122 383 164 422 in
181 383 316 436 primis
332 383 514 422 libertum
534 384 616 433 ejus
636 382 936 432 Hammonium,
956 384 1230 435 commendat.)

178 492 338 530 Marcus
362 491 549 529 AEmilius
576 490 755 529 Avianus
780 492 828 529 ab
854 490 1010 530 ineunte
1027 491 1245 531 adolescen-

126 546 182 585 tia
198 558 262 583 me
280 545 504 593 observavit,
522 557 745 596 semperque
764 544 912 594 dilexit,
925 545 982 583 vir
997 559 1084 584 cum
1105 548 1242 595 bonus,

127 608 214 639 tum
238 599 514 651 perhumanus,
535 606 572 637 et
593 599 634 635 in
652 598 759 637 omni
783 611 920 649 genere
945 599 1057 637 officii
1083 600 1246 651 diligen-

128 654 213 692 dus.
241 652 373 700 Quem
403 653 434 691 si
452 653 652 691 arbitrarer
677 665 755 691 esse
781 653 954 703 Sicyone,
980 660 1016 691 et
1038 654 1111 692 nisi
1137 655 1246 692 audi-

128 721 225 757 rem,
250 706 306 745 ibi
331 719 421 745 eum
447 707 562 745 etiam
586 719 703 755 nune,
729 706 799 745 ubi
827 719 897 757 ego
919 707 1070 759 reliqui,
1092 707 1245 760 Cibyrae

130 761 370 807 commorari,
390 761 488 798 nihil
507 767 605 799 esset
623 773 785 808 necesse,
805 760 918 811 plura
935 773 998 799 me
1016 762 1065 799 ad
1080 769 1116 800 te
1135 762 1182 800 de
1201 776 1246 801 eo

130 816 300 854 scribere.
329 814 530 852 Perficeret
549 813 652 852 enim
670 814 751 865 ipse
774 813 942 865 profecto
961 816 1039 853 suis
1057 817 1243 865 moribus,

131 869 276 920 suaque
307 868 560 915 humanitate,
594 874 651 915 ut,
685 868 764 906 sine
793 868 1022 919 cujusquam
1052 882 1246 908 commen-

130 923 295 970 datione,
316 922 534 973 diligeretur
553 923 619 959 abs
639 929 675 959 te
689 934 767 959 non
785 921 929 971 minus,
949 932 1068 975 quam
1088 930 1126 961 et
1144 937 1167 962 a
1183 937 1248 962 me

130 984 169 1015 et
187 991 209 1015 a
228 976 370 1016 caeteris
389 976 466 1013 suis
484 975 748 1013 familiaribus.

185 1031 274 1079 Sed,
289 1042 378 1068 cum
396 1029 509 1067 illum
522 1031 650 1067 abesse
663 1036 812 1080 putem,
833 1029 1058 1068 commendo
1076 1031 1147 1069 tibi
1164 1044 1249 1070 ma-

120 1085 245 1136 jorem
272 1084 314 1122 in
340 1083 502 1120 modum
532 1082 693 1121 domum
723 1084 819 1132 ejus,
850 1097 937 1135 quae
970 1091 1025 1122 est
1067 1085 1245 1136 Sicyone,

126 1151 286 1189 remque
304 1136 548 1185 familiarem,
563 1136 734 1174 maxime
747 1137 888 1175 Caium
900 1137 1101 1176 Avianum
1116 1139 1246 1177 Ham-

124 1193 315 1253 monium,
335 1191 517 1229 libertum
530 1191 626 1240 ejus,
647 1203 764 1242 quem
782 1190 940 1242 quidem
955 1192 1025 1229 tibi
1045 1192 1160 1230 etiam
1178 1206 1248 1232 suo

125 1246 282 1285 nomine
312 1244 550 1284 commendo.
580 1245 703 1292 Nam,
731 1257 820 1282 cum
845 1252 1045 1297 propterea
1066 1246 1164 1284 mihi
1192 1254 1248 1285 est

125 1302 324 1360 probatus,
348 1298 452 1350 quod
471 1306 530 1337 est
550 1298 590 1336 in
611 1306 818 1349 patronum
838 1312 952 1337 51111111
971 1299 1093 1338 officio
1118 1308 1155 1338 et
1173 1300 1249 1340 fide

127 1353 333 1405 singulari;
354 1360 440 1390 tum
453 1352 567 1390 etiam
580 1352 619 1389 111
634 1365 697 1390 me
715 1353 843 1404 ipsum
862 1365 1005 1404 magna
1024 1354 1146 1392 officia
1158 1367 1248 1392 con-

128 1409 231 1456 tulit,
251 1407 426 1459 mihique
453 1406 730 1445 molestissimis
752 1407 988 1468 temporibus
1006 1407 1060 1446 ita
1087 1408 1250 1447 fideliter

127 1461 387 1514 benevoleque
417 1468 554 1512 praesto
582 1460 670 1510 fuit,
704 1467 749 1499 ut
780 1461 811 1499 si
839 1475 864 1500 a
890 1474 954 1500 me
985 1462 1245 1501 manumissus

129 1523 235 1555 esset.

185 1570 324 1622 Itaque
341 1576 430 1621 peto
449 1582 472 1607 a
501 1576 554 1630 te,
581 1575 624 1607 ut
643 1582 733 1607 eum
752 1569 1038 1608 Hammonium
1057 1576 1094 1608 et
1117 1570 1158 1608 in
1176 1584 1248 1622 pa-

129 1624 230 1663 troni
248 1625 331 1674 ejus
349 1623 501 1674 negotio
527 1623 578 1661 sic
600 1631 742 1671 tueare,
767 1630 812 1661 ut
840 1625 922 1673 ejus
949 1631 1248 1675 procuratorem,

129 1677 268 1729 [quem
287 1677 358 1715 tibi
376 1677 637 1729 commendo,]
656 1685 693 1715 et
704 1677 834 1728 ipsum
849 1691 917 1716 suo
929 1678 1084 1716 nomine
1099 1677 1249 1728 diligas,

127 1732 344 1783 habeasque
368 1731 408 1768 in
428 1743 589 1769 numero
607 1739 776 1769 tuorum.
808 1731 1020 1770 Hominem
1040 1731 1250 1783 pudentem

128 1794 167 1823 et
185 1786 395 1879 offixeigilsum
421 1797 635 1836 cognosces,
668 1792 705 1823 et
727 1785 904 1837 dignum,
925 1785 994 1837 qui
1016 1799 1039 1824 a
1058 1792 1095 1824 te
1113 1785 1250 1838 diliga-

123 1846 202 1878 tur.
311 1852 344 1878 e.

349 2000 464 2052 (22.)
495 1999 708 2040 CICERO
737 1999 950 2040 SERVIO
980 2002 1020 2041 s.

185 2109 512 2160 (Argumentum.
536 2134 592 2143 —
611 2110 662 2148 Τ.
684 2108 882 2148 Manlium
907 2121 977 2148 suo
1010 2115 1047 2147 et
1066 2108 1251 2148 Varronis

128 2163 282 2202 nomine
299 2163 571 2211 commendat.)
