1513 2382
225 95 300 134 106
408 93 491 136 AD
518 93 814 135 DIVERSOS.
843 92 944 132 Lm.
963 91 1058 132 XV.
1091 93 1153 132 16.

222 201 394 241 sustinet.
431 201 533 250 Quis
565 201 669 241 enim
697 209 765 240 aut
781 200 1037 241 Alexandrini
1065 200 1158 239 belli
1187 207 1335 241 tantam

219 268 369 294 moram
395 255 487 295 huic
512 257 614 295 bello
641 254 865 305 adjunctum
892 255 952 302 iri,
973 261 1040 292 aut
1067 254 1191 294 nescio
1218 268 1335 306 quem

220 309 339 348 istum
358 309 598 348 Pharnacem
611 309 718 347 Asiae
736 318 917 348 terrorem
934 308 1132 347 maturum
1150 311 1334 370 putaret?

220 364 307 402 Nos
324 370 466 410 tamen,
479 363 520 401 in
539 363 692 402 consilio
710 363 806 415 pari,
828 376 916 402 casu
928 361 1102 400 dissimili
1116 362 1174 400 usi
1189 375 1334 401 sumus.

220 417 288 455 Tu
307 417 410 456 enim
430 431 514 455 eam
539 424 686 469 partem
712 417 857 468 petisti,
883 423 927 454 ut
947 423 983 454 et
1001 416 1164 454 consiliis
1182 416 1338 454 interes-

219 484 290 519 seS,
324 479 362 510 et
392 470 514 523 (quod
544 471 713 509 maxime
743 483 874 509 curam
901 468 1021 519 levat)
1049 469 1180 507 futura
1206 469 1336 508 animo

219 525 431 586 prospicere
455 537 593 576 posses·
630 525 731 575 Ego,
761 525 829 576 qui
849 523 1037 570 festinavi,
1070 530 1116 561 ut
1145 523 1335 562 Caesarem

220 578 261 616 in
280 578 394 617 Italia
412 577 592 626 viderem,
614 578 683 621 (sic
708 578 810 616 enim
836 575 1132 638 arbitrabamur)
1153 589 1333 628 eumque,

220 632 353 670 multis
370 631 642 671 honestissimis
661 631 750 669 viris
769 630 995 669 conservatis
1022 629 1258 678 redeuntem,
1287 630 1337 668 ad

220 698 354 736 pacem
381 693 593 724 currentem
613 687 674 728 (ut
692 684 818 735 aiunt)
841 684 1063 723 incitarem·
1051 712 1064 731 ‚
1093 685 1142 723 ab
1166 684 1336 723 11101011-

219 739 373 790 gissime
392 746 429 777 et
447 741 585 778 absum
605 746 642 777 et
659 738 777 776 abfui.

274 793 417 831 Versor
434 800 562 831 autem
580 793 619 831 in
640 793 785 843 gemitu
805 792 943 839 Italiae,
956 798 993 829 et
1009 791 1051 829 in
1068 790 1187 830 Urbis
1203 790 1337 830 miser-

220 845 329 884 rimis
349 847 537 898 querelis;
567 847 708 899 quibus
731 846 877 898 aliquid
899 845 980 897 opis
1003 845 1160 883 fortasse
1178 858 1248 896 ego
1265 857 1337 896 pro

220 900 322 947 mea,
343 907 386 938 ‘cu
405 913 474 952 pro
493 901 575 948 tua,
596 913 664 952 pro
683 900 753 938 sua
771 900 933 952 quisque
950 905 1057 950 parte
1075 898 1172 937 ferre
1189 899 1337 950 potuis-

217 960 288 1002 set,
299 953 330 992 si
344 962 473 992 auctor
483 954 664 992 affuisset.
691 954 836 1002 Quare,
849 953 978 1001 velim,
990 965 1060 1004 pro
1071 952 1140 990 tu‘a
1153 952 1338 1004 perpetua

219 1020 309 1059 erga
321 1020 384 1046 me
394 1008 670 1055 benevolentia,
684 1008 822 1046 scribas
835 1006 884 1045 ad
894 1019 972 1054 me,
985 1006 1079 1058 quid
1087 1006 1229 1054 videas,
1242 1005 1337 1058 quid

218 1061 370 1109 sentias,
387 1061 480 1112 quid
495 1061 806 1114 exspectandum,
819 1060 914 1112 quid
927 1060 1134 1111 agendum,
1146 1060 1255 1098 nobis
1270 1072 1338 1098 ex-

217 1114 375 1153 istimes.
403 1116 543 1167 Magni
561 1123 672 1154 erunt
688 1115 786 1153 mihi
797 1122 874 1153 tuae
891 1114 1033 1152 literae:
1054 1120 1169 1165 atque
1187 1113 1337 1152 utinam

220 1168 356 1219 primis
366 1169 456 1215 illis,
466 1182 560 1221 quas
569 1169 732 1207 Luceria
742 1169 911 1216 miseras,
922 1167 1152 1219 paruissem!
1174 1167 1265 1206 Sine
1275 1166 1338 1204 ul-

220 1221 259 1261 la
271 1222 373 1261 enim
384 1222 558 1261 molestia
571 1222 797 1274 dignitatem
810 1234 938 1261 meam
948 1220 1200 1260 retinuissem.
1220 1221 1333 1260 Vale.

344 1382 551 1432 (16..)M
572 1383 622 1422 T.
644 1384 689 1422 C.
718 1383 764 1421 C.
785 1382 1051 1421 CASSIOS.
1073 1382 1120 1420 P.
1142 1381 1195 1420 D.

274 1491 597 1543 (Argumentum.
608 1515 663 1524 -
673 1489 703 1530 J
704 1496 833 1529 ocatur
845 1490 886 1529 in
900 1489 1096 1542 opiniones
1109 1487 1333 1541 Epicureas,

220 1551 260 1584 et
276 1546 317 1584 in
335 1546 464 1598 ipsum
483 1545 674 1593 Cassium,
700 1544 900 1597 Epicureae
923 1542 1174 1596 philosophiae
1190 1541 1337 1584 studio-

222 1605 340 1648 sum.)

245 1722 247 1724 ¹
270 1707 374 1745 Puto
384 1713 422 1745 te
440 1705 669 1758 suppudere,
692 1719 782 1745 cum
801 1706 882 1745 haec
901 1705 1058 1744 tetertia
1072 1706 1155 1755 jam
1174 1705 1333 1757 epistola

218 1768 307 1799 ante
324 1761 561 1812 oppresserit,
588 1774 707 1812 quam
731 1768 774 1799 tu
800 1759 1060 1809 [schedulam]
1081 1766 1149 1797 aut
1168 1759 1333 1798 literam.

219 1813 295 1853 Sed
313 1826 391 1852 non
409 1827 553 1865 urgeo:
583 1814 770 1865 longiores
796 1814 899 1852 enim
921 1814 1160 1864 exspectabo,
1182 1814 1243 1851 vel
1264 1825 1335 1865 po-

217 1868 294 1906 tius
323 1868 487 1918 exigam.
524 1867 626 1919 Ego,
647 1868 678 1906 si
703 1880 851 1919 semper
877 1868 1072 1915 haberem,
1100 1866 1161 1904 cui
1188 1866 1334 1914 darem,

217 1921 279 1960 vel
297 1930 421 1959 ternas
439 1922 478 1959 in
505 1921 600 1960 hora
618 1921 760 1960 darem.
799 1921 864 1959 Fit
888 1920 1004 1968 enim,
1030 1919 1154 1959 nescio
1177 1920 1261 1971 qui,
1290 1927 1335 1958 ut

219 1975 328 2026 quasi
355 1987 482 2013 coram
509 1975 637 2013 adesse
655 1975 816 2024 videare,
846 1987 934 2014 cum
962 1974 1083 2012 scribo
1110 1973 1257 2025 aliquid
1283 1974 1334 2012 ad

220 2036 284 2066 te.
314 2041 439 2079 neque
455 2028 496 2066 id
523 2029 602 2066 κατ’
625 2029 774 2065 ειδωλων
803 2037 1018 2079 φαντασιας,
1043 2034 1088 2066 ut
1115 2027 1247 2066 dicunt
1274 2027 1332 2065 tui

220 2081 334 2122 amici
357 2082 460 2129 novi,
485 2081 553 2133 qui
577 2089 716 2134 putant
740 2082 854 2121 etiam
881 2080 1102 2125 διανοητικας
1129 2089 1336 2129 φαντασιας

218 2135 372 2188 spectris
390 2134 559 2176 Catianis
578 2135 744 2176 excitari.
771 2136 893 2184 Nam,
913 2147 962 2174 ne
983 2143 1021 2174 te
1037 2133 1175 2186 fugiat,
1197 2133 1332 2175 Catius
