1513 2382
260 79 337 117 158
473 78 556 117 AD
585 77 869 117 ATTICUM.
899 78 996 117 111ss.
1016 78 1053 116 Ι.
1083 77 1147 116 16.

252 199 344 224 cum
362 199 432 238 ego
449 186 503 225 sic
521 188 569 225 ab
587 186 646 235 iis,
666 194 711 225 ut
729 186 832 225 salus
849 186 996 237 patriae,
1015 183 1248 234 defenderer,
1266 184 1366 225 frac-

253 248 316 278 tus
333 253 433 288 reus,
454 248 491 280 et
507 240 586 278 una
603 241 752 292 patroni
771 252 902 278 omnes
919 239 1173 278 conciderunt.

307 294 378 332 Ad
395 307 458 333 me
475 302 604 332 autem
617 294 747 333 eadem
761 294 974 345 frequentia
983 292 1163 345 postridie
1175 292 1365 341 convenit,

255 348 437 399 quacum,
469 348 597 387 abiens
626 349 838 394 consulatu,
865 360 952 386 sum
979 347 1138 385 domum
1160 346 1365 393 reductusz

256 402 420 440 clamare
445 402 613 452 praeclari
632 401 889 454 Areopagitae‚
918 414 956 439 se
974 413 1052 439 non
1077 413 1156 439 aese
1173 407 1365 449 venturos,

253 455 327 493 nisi
339 455 513 506 praesidio
531 456 744 494 constituto.
775 455 954 493 Refertur
971 454 1020 492 ad
1034 453 1258 493 consilium:
1288 466 1370 492 una

256 509 337 546 sola
360 509 544 547 sententia
567 509 787 559 praesidium
811 521 887 546 non
915 507 1148 546 desideravit.
1185 506 1368 545 Defertur

256 575 314 600 res
333 562 381 600 ad
400 570 598 607 senatum;
628 562 848 613 gravissime
872 561 1181 612 ornatissimeque
1199 560 1369 599 decerni-

257 623 344 653 tur:
373 615 579 653 laudantur
594 615 762 664 judicae:
794 614 906 652 datur
924 615 1120 665 negotium
1138 614 1370 665 magistrati-

257 670 331 707 bus
344 683 355 706 ε
384 681 653 720 responsurum
671 668 867 706 hominem
878 680 991 706 nemo
1002 667 1266 706 arbitrabatur.
1279 668 1370 706 ‘Ea'-

261 738 351 759 πετε
381 737 433 758 νυν
461 738 534 768 μοι,
559 729 715 768 Mauo-ou,
734 724 859 764 ὅππως
883 721 922 764 δη
951 736 1092 770 πρωτον
1120 735 1186 770 ‘nup
1216 735 1369 768 εμπεσε.

260 775 377 813 Nosti
396 775 574 823 Calvum,
602 788 650 813 ex
669 774 905 813 Nanneianis
923 775 1049 821 illum,
1069 774 1182 812 illum
1198 773 1374 812 laudato-

260 841 342 866 rem
360 842 506 876 meum,
526 829 574 867 de
591 830 699 877 cujus
717 829 884 867 oratione
902 841 991 879 erga
1008 841 1071 866 me
1087 827 1296 867 honorifica
1322 827 1372 865 ad

260 889 298 920 te
317 882 549 933 scripseram.
578 882 721 930 Biduo,
741 896 808 934 per
826 895 949 921 unum
967 894 1132 930 servum,
1153 888 1191 921 et
1215 894 1305 920 eum
1323 893 1373 919 ex

261 935 484 986 gladiatorio
506 936 612 985 ludo,
633 936 792 975 confecit
813 943 938 974 totum
964 935 1188 986 negotium:
1218 935 1373 973 arcessi-

262 989 318 1027 vit
337 989 386 1027 ad
404 1003 468 1035 se;
497 990 684 1041 promisit,
711 990 931 1037 intercessit,
948 989 1064 1028 dedit.
1091 989 1121 1027 J
1123 1002 1187 1028 am
1205 1001 1293 1027 vero
1316 990 1372 1036 (ο,

263 1042 333 1080 Dii
360 1044 466 1091 boni,
495 1056 576 1082 rem
603 1044 792 1095 perditam
808 1044 837 1091 !)
878 1044 992 1081 etiam
1023 1050 1150 1081 noctes
1187 1049 1376 1081 certarum

262 1096 486 1145 mulierum,
515 1105 629 1148 atque
657 1097 1022 1136 adolescentulorum
1047 1097 1235 1135 nobilium
1259 1095 1379 1134 intro-

263 1150 472 1199 ductiones,
492 1151 686 1189 nonnullis
707 1151 900 1201 judicibus
924 1163 995 1202 pro
1018 1150 1200 1189 mercedis
1224 1150 1382 1188 cumulo

224 1224 233 1227 -
265 1203 433 1241 fuerunt.

319 1257 395 1304 Ita,
420 1270 571 1296 summo
599 1258 763 1296 discessu
783 1260 986 1306 bonorum,
1010 1258 1125 1310 pleno
1149 1257 1231 1296 foro
1256 1269 1382 1296 servo-

265 1323 368 1357 rum,
388 1311 514 1349 XXV
528 1312 698 1360 judices'
688 1320 740 1349 lta
752 1312 865 1350 fortes
879 1319 1008 1350 tamen
1021 1312 1192 1358 fuerunt,
1204 1318 1263 1359 ut,
1276 1324 1383 1350 sum-

267 1376 333 1401 mo
358 1365 549 1426 proposito
579 1366 760 1417 periculo,
780 1366 840 1404 vel
866 1366 988 1417 perire
1014 1365 1234 1412 maluerint,
1262 1377 1382 1426 quam

267 1417 422 1468 perdere
440 1419 580 1457 omnia.
611 1419 761 1457 XXXI
793 1419 963 1468 fuerunt,
989 1431 1086 1471 quos
1110 1418 1230 1457 fames
1258 1418 1384 1479 magis

267 1484 386 1521 quam
408 1471 513 1509 fama
536 1473 806 1511 commoverit:
837 1486 1002 1525 quorum
1029 1473 1191 1511 Catulus
1216 1485 1306 1511 cum
1324 1472 1383 1510 vi-

269 1524 383 1562 disset
401 1526 622 1576 quemdam,
645 1529 673 1548 “
693 1526 802 1575 Quid
820 1528 915 1575 vos‚'
919 1527 1089 1577 'inquit,
1113 1528 1141 1549 “
1160 1525 1383 1577 praesidium

269 1591 293 1615 a
309 1579 418 1616 nobis
435 1580 713 1630 postulabatis?
742 1593 805 1628 an,
824 1593 873 1619 ne
897 1581 1050 1619 nummi
1068 1580 1173 1619 vobis
1197 1580 1386 1632 eriperen-

271 1639 348 1678 tur,
369 1632 559 1671 timebatis
574 1635 621 1672 ?''

325 1685 472 1731 Habes,
493 1695 537 1725 ut
555 1687 772 1726 brevissime
790 1688 914 1739 potui,
935 1700 1055 1739 genus
1069 1686 1218 1737 judicii,
1239 1694 1276 1726 et
1294 1700 1384 1726 cau-

271 1750 355 1776 sam
373 1740 633 1779 absolutionis.
662 1741 813 1789 Quaeris
832 1742 1021 1792 deinceps,
1043 1741 1110 1793 qui
1123 1753 1226 1779 nunc
1244 1741 1292 1780 sit
1310 1747 1390 1779 sta.-

271 1800 334 1830 tus
353 1805 495 1841 rerum,
515 1802 553 1832 et
577 1796 645 1846 qui
669 1808 789 1833 meus.
823 1795 1062 1846 Reipublicae
1086 1802 1226 1832 statum
1258 1795 1386 1843 illum,

272 1859 391 1896 quem
409 1854 452 1884 tu
470 1860 556 1886 meo
581 1849 750 1897 consilio,
774 1862 844 1900 ego
867 1848 1010 1896 divino,
1031 1848 1298 1887 confirmatum
1316 1861 1390 1900 pu-

272 1901 418 1947 tabam,
438 1901 520 1952 qui,
541 1903 729 1940 bonorum
748 1903 923 1940 omnium
945 1902 1222 1952 conjunctione,
1243 1910 1280 1940 et
1298 1915 1391 1940 auc-

273 1953 423 1991 toritate
441 1957 658 1994 consulatus
682 1957 774 2004 mei,
793 1956 895 1995 fixus
918 1963 955 1994 et
973 1956 1157 1994 fundatus
1175 1956 1389 2003 videbatur,

273 2006 346 2043 nisi
364 2007 450 2057 quis
468 2021 537 2047 nos
555 2009 664 2048 Deus
686 2010 906 2061 respexerit,
921 2010 1095 2061 elapsum
1122 2009 1214 2047 scito
1240 2022 1318 2048 esse
1344 2008 1392 2046 de

274 2060 452 2099 manibus
470 2075 548 2100 uno
578 2063 650 2102 hoc
669 2064 842 2113 judicio,
873 2064 906 2102 si
926 2064 1117 2114 judicium
1142 2071 1212 2111 est,
1239 2062 1396 2114 triginta

276 2112 448 2153 homines
469 2114 624 2168 [populi
639 2118 830 2180 Romani]
846 2118 1054 2157 levissimos
1068 2130 1112 2155 ac
1130 2117 1395 2169 nequissian

277 2169 490 2208 nummulis
508 2172 683 2223 acceptis,
696 2172 761 2222 jus
780 2184 824 2211 ac
841 2171 898 2211 fas
912 2184 1026 2211 omne
1044 2171 1197 2217 delere;
1227 2178 1278 2220 et,
1294 2171 1400 2223 quod
