1513 2382
230 87 309 126 360
419 84 501 124 AD
532 84 815 125 ATTICUM.
845 85 946 124 111135
979 84 1081 124 VII.
1108 85 1175 123 23.

448 192 565 245 (22.)
599 192 810 233 CICERO
838 192 1060 233 ATTICO
1088 193 1129 232 S.

280 301 455 342 Pedem
444 313 484 339 ιιι
504 301 620 340 Italia
639 300 747 340 video
768 270 923 339 nullum
945 313 1036 348 esse,
1054 299 1123 352 qui
1140 310 1219 338 non
1236 297 1277 336 in
1290 297 1343 336 is-

227 357 304 396 tius
330 362 512 407 potestate
531 355 590 392 sit.
621 355 684 392 De
704 355 888 406 Pompeio
913 355 989 393 scio
1006 354 1130 399 nihil;
1159 364 1347 408 eumque,

227 411 303 450 11151
319 409 501 448 innavim
516 421 554 446 se
568 407 782 454 contulerit,
803 416 1005 459 exceptum
1022 408 1070 446 iri
1087 414 1193 468 puto.
1223 406 1262 445 O
1282 419 1342 444 ce-

224 464 413 504 leritatem
431 462 717 501 incredibilem!
750 462 833 511 Huj
837 474 884 499 15
908 469 1037 500 autem
1053 460 1213 500 nostri..
1220 459 1343 499 ..Sed

227 531 305 557 non
323 530 481 569 possum
500 516 579 554 sine
598 516 726 554 dolore
744 528 917 555 accusare
936 528 1040 563 eum,
1061 515 1109 578 de
1125 527 1204 566 quo
1221 526 1341 566 angor

227 580 265 612 et
283 572 438 610 crucior.

282 626 348 663 Tu
368 624 509 663 caedem
528 636 604 662 non
624 623 655 661 si
657 636 704 662 ne
722 623 836 662 causa
853 623 990 668 times;
1020 635 1099 661 non
1109 634 1195 674 quo
1213 621 1342 660 minus

227 680 441 732 quidquam
463 677 605 716 Caesari
619 677 794 729 expediat
808 677 857 715 ad
870 676 1160 715 diuturnitatem
1178 674 1346 715 victoriae

227 742 265 772 et
279 732 569 771 dominationis:
593 731 659 769 sed
672 731 794 779 video,
815 744 981 783 quorum
999 730 1154 769 arbitrio
1172 730 1221 768 sit
1238 737 1346 768 actu-

227 801 308 826 rus.
351 787 471 825 Recte
501 786 562 824 sit.
609 784 755 824 Censeo
780 785 994 824 cedendum
1022 785 1069 822 de
1092 784 1244 836 oppidis
1269 783 1342 821 his.

226 843 335 893 Egeo
350 840 507 879 consilii.
535 839 654 887 Quod
671 840 862 891 optimum
875 839 980 878 factu
994 838 1196 886 videbitur,
1216 837 1342 876 facies.

229 895 333 935 Cum
353 894 562 932 Philotimo
580 894 757 945 loquere:
789 901 904 945 atque
922 893 1016 931 adeo
1034 892 1256 931 Terentiam
1273 891 1345 929 ha-

227 950 334 1010 bebis
365 948 512 986 Idibus.
552 948 639 998 Ego
667 948 761 1009 quid
786 950 930 1009 agam?
960 960 1037 999 qua
1065 953 1133 984 aut
1150 946 1251 984 terra
1275 951 1344 983 aut

227 1004 324 1042 mari
343 1015 546 1054 persequar
565 1015 671 1078 eum'3
691 1002 758 1053 qui
775 1002 844 1039 ubi
863 1002 925 1048 sit,
945 1000 1102 1039 nescio?
1131 999 1220 1038 Etsi
1243 999 1345 1037 terra

228 1058 385 1110 quidem
405 1058 473 1107 qui
487 1056 671 1108 possum.
691 1055 802 1101 mari,
823 1057 932 1108 quo?
962 1052 1143 1093 Tradam
1146 1053 1264 1105 igitur
1281 1052 1345 1091 isti

227 1125 311 1150 me.
302 1112 319 1134 ⁹
348 1111 407 1149 fac
432 1123 540 1161 posse
565 1118 648 1149 tuto
676 1110 808 1162 (multi
840 1110 943 1148 enim
974 1109 1218 1155 hortantur„
1247 1119 1344 1145 num

227 1166 342 1205 etiam
360 1164 543 1202 honeste?
573 1165 679 1203 nullo
690 1164 818 1202 modo.
847 1163 988 1212 Quid?
1017 1176 1041 1201 a
1058 1171 1096 1201 te
1113 1169 1243 1214 petam
1254 1173 1345 1200 con-

229 1221 373 1265 silium,
394 1227 438 1256 ut
457 1218 581 1256 soleo.
571 1217 588 1243 ‘³
616 1218 815 1269 Explicari
834 1232 891 1256 res
915 1229 992 1255 non
1014 1223 1149 1268 potoet.
1193 1215 1268 1254 Sed
1286 1221 1345 1253 ta-

227 1286 332 1318 men,
353 1273 385 1311 si
399 1272 521 1323 quid‘
511 1284 551 1309 m
570 1282 739 1310 mentem
759 1272 875 1321 venit,
894 1271 1011 1310 velim
1028 1271 1180 1318 scribas,
1201 1276 1239 1308 et
1263 1269 1345 1321 ipse

228 1327 323 1381 quid
337 1326 386 1365 sis
405 1333 570 1364 acturus.

447 1483 558 1527 (23.)
588 1481 798 1521 CICERO
826 1481 1049 1520 ATTICO
1078 1482 1118 1520 S.'

285 1590 434 1638 Quinto
454 1589 516 1627 Id.
541 1590 634 1628 Feb.
659 1589 802 1641 vesperi
822 1603 846 1628 a
864 1583 1074 1627 Philotimo
1090 1589 1217 1627 literas
1242 1598 1346 1628 θοοῦ-

231 1646 287 1696 pi,
315 1644 534 1683 Domitium
564 1644 773 1682 exercitum
803 1643 959 1681 firmum
984 1644 1148 1689 habere3
1169 1642 1347 1682 cohortes

232 1711 280 1737 ex
300 1699 454 1745 Piceno,
475 1698 643 1736 Lentulo
662 1706 699 1736 et
714 1697 886 1736 Thermo
898 1697 1139 1744 ducentibus,
1154 1710 1244 1735 cum
1262 1696 1346 1735 Do-

231 1753 333 1791 mitii
351 1752 517 1790 exercitu
540 1753 759 1801 conjunctas
785 1765 889 1797 esse3
923 1750 1114 1791 Caesarem
1145 1750 1347 1789 intercludi

230 1820 353 1858 posse,
374 1819 539 1857 eumque
558 1806 598 1843 id
617 1806 774 1850 timere;
804 1807 994 1844 bonorum
1006 1804 1152 1843 animos
1165 1812 1348 1843 recreatos

232 1861 386 1909 Romae,
406 1860 600 1911 improbos
619 1860 728 1910 quasi
745 1860 947 1920 perculsos-

287 1915 399 1960 Haec,
429 1922 560 1952 metuo
589 1913 784 1964 equidem,
816 1926 866 1951 ne
898 1913 975 1951 sint
1003 1913 1173 1951 somnia:
1206 1911 1272 1951 sed
1289 1918 1348 1950 ta-

230 1981 320 2007 men
347 1968 409 2006 M'
431 1967 640 2018 Lepidum,
661 1967 709 2004 L.
731 1966 990 2018 Torquatum,
1013 1965 1060 2006 C
1080 1965 1257 2005 Cassium
1276 1965 1349 2003 tri-

231 2024 382 2061 bunum
411 2021 545 2072 plebis,
574 2020 634 2072 (hi
661 2020 763 2058 enim
793 2028 881 2058 sunt
909 2020 1121 2067 nobiscum,
1147 2019 1188 2057 id
1218 2027 1286 2065 est,
1306 2016 1347 2056 111

233 2075 456 2122 Formiano)
486 2074 686 2112 Philotimi
703 2074 821 2112 literae
839 2074 888 2112 ad
918 2074 1036 2112 vitam
1061 2080 1344 2112 revocaverunt.

235 2129 322 2180 Ego
354 2137 483 2166 autem
501 2128 568 2166 illa
595 2135 725 2166 metuo
753 2140 800 2166 ne
830 2128 974 2167 veriora
998 2127 1087 2175 sint,
1118 2139 1186 2165 nos
1215 2139 1347 2164 omnes

235 2195 344 2235 paene
376 2182 459 2232 jam
485 2189 613 2234 captos
643 2193 737 2230 esse,
773 2182 1003 2234 Pompeium
1040 2180 1155 2220 Italia
1186 2180 1341 2220 cedere:
