1513 2382
251 85 326 123 124
421 85 505 125 AD
534 85 831 128 DIVERSOS.
862 87 959 127 Lm.
981 85 1101 127 XVI.
1133 86 1195 124 12.

247 206 338 231 cum
356 206 415 234 res
432 194 596 234 deducta
613 202 683 241 est,
699 203 757 244 ut,
776 196 849 235 nisi
868 196 937 248 qui
954 195 1064 234 Deus
1081 194 1143 233 vel
1160 203 1269 233 msus
1285 190 1356 230 ali-

246 247 332 298 quis
351 249 579 298 subvenerit,
601 250 695 288 salvi
717 263 796 289 esse
813 263 1061 302 nequeamus.
1092 247 1288 299 Equidem
1313 251 1366 282 ut⁴

245 301 332 338 veni
350 302 400 340 ad
418 303 580 352 Urbem,
608 316 686 342 non
715 304 841 343 destiti
871 304 1002 342 omnia
1028 311 1066 342 et
1089 301 1226 340 sentire
1247 307 1286 338 et
1303 297 1362 336 di-

244 367 327 393 cere
346 364 383 393 et
401 356 536 404 facere,
557 371 644 409 quae
671 358 720 396 ad
747 358 986 397 concordiam
1012 356 1266 408 pertinerent;
1296 351 1363 390 sed

244 408 365 447 mirus
378 410 565 449 invaserat
582 411 688 450 furor
707 425 783 451 non
802 412 927 450 solum
945 410 1143 462 improbis,
1162 408 1228 447 sed
1245 406 1362 445 etiam

247 461 308 500 his
322 464 389 514 qui
409 465 499 502 boni
517 465 719 515 habentur,
739 474 784 504 ut
801 479 973 517 pugnare
991 470 1185 518 cuperent,
1204 473 1268 500 me
1285 459 1362 499 cla-

247 526 392 564 mante,
414 519 510 556 nihil
530 532 607 557 esse
621 521 720 558 bello
735 519 836 558 civili
853 519 1040 558 miserius.

301 571 453 622 Itaque,
467 585 557 611 cum
576 573 704 612 Caesar
718 573 886 611 amentia
899 572 1068 625 quadam
1081 576 1289 623 raperetur,
1310 574 1362 614 et,

245 624 386 663 oblitus
406 627 571 664 nominis
589 634 704 678 atque
721 627 912 665 honorum
930 639 1102 673 suorum,
1121 623 1364 665 Ariminum,

247 678 469 725 Pisaurum,
503 682 723 727 Anconam,
754 681 954 718 Arretium
984 678 1253 731 occupavisset,
1286 676 1365 714 Ur-

246 733 336 769 bem
352 733 602 784 reliquimus3
633 748 751 786 quam
770 734 970 786 sapienter,
986 741 1054 772 aut
1067 744 1186 785 quam
1202 729 1362 777 fortiter,

248 786 346 823 nihil
364 787 498 825 attinet
516 788 722 839 disputare.

301 839 392 887 Quo
411 841 566 892 quidem
587 842 628 880 in
647 856 736 881 casu
755 842 889 888 simus,
909 841 1028 880 vides.
1065 840 1259 879 Feruntur
1284 849 1367 876 om-

246 893 338 931 nino
366 894 599 934 conditiones
627 898 675 934 ab
694 897 775 943 illo,
795 904 840 934 ut
859 895 1067 947 Pompeius
1086 902 1147 932 eat
1163 893 1205 931 in
1224 891 1369 942 Hispa-

246 948 351 985 niam
368 961 380 994 ;
411 948 594 997 delectus,
617 950 684 1002 qui
705 958 794 988 sunt
820 950 956 996 habiti,
973 957 1010 987 et
1028 947 1204 1000 praesidia
1221 953 1365 991 nostra,

248 1001 517 1047 dimittantur;
548 1017 587 1042 se
609 1004 828 1042 ulteriorem
849 1003 1019 1042 Galliam
1038 1002 1225 1046 Domitio,
1246 999 1369 1038 citeri-

247 1068 353 1094 orem
375 1055 557 1095 Considio
578 1058 759 1096 Noniano
780 1057 857 1101 (his
876 1058 980 1095 enim
998 1057 1232 1107 obtigerunt)
1252 1052 1369 1092 tradi-

247 1117 406 1155 turum;
437 1111 486 1148 ad
505 1112 720 1149 consulatus
739 1111 963 1162 petitionem
981 1124 1022 1149 se
1040 1118 1271 1153 venturum3
1301 1119 1368 1145 ne-

248 1176 324 1214 que
352 1177 390 1201 se
414 1164 495 1213 jam
525 1166 636 1213 velle,
657 1167 811 1204 absente
841 1179 894 1213 se,
922 1164 1106 1203 rationem
1127 1161 1259 1201 haberi
1276 1161 1364 1206 sui3

246 1230 286 1255 se
305 1227 532 1268 praesentem
550 1219 696 1256 trinum
715 1218 934 1257 nundinum
952 1218 1177 1270 petiturum.

301 1271 536 1322 Accepimus
555 1273 809 1319 conditiones3
830 1273 897 1311 sed
914 1273 981 1321 ita,
997 1280 1042 1310 ut
1058 1276 1250 1310 removeat
1267 1282 1365 1320 prae-

248 1325 343 1363 sidia
371 1338 419 1363 ex
446 1326 505 1364 his
533 1326 624 1365 locis
652 1340 739 1378 quae
767 1327 979 1378 occupavit,
999 1333 1058 1373 ut,
1079 1325 1159 1364 sine
1175 1331 1297 1371 metu,
1317 1322 1365 1360 de

245 1379 294 1417 iis
317 1379 408 1430 ipsis
436 1380 715 1419 conditionibus
733 1381 871 1419 Romae
897 1388 1049 1419 senatus
1075 1379 1208 1418 haberi
1234 1376 1366 1429 possit.

249 1433 299 1471 Id
317 1434 382 1471 ille
401 1434 433 1471 si
457 1434 599 1481 fecerit,
621 1448 704 1486 spes
723 1442 778 1473 est
796 1435 912 1486 pacis,
937 1447 1015 1472 non
1042 1434 1236 1471 honestae:
1266 1431 1368 1481 leges

248 1487 351 1525 enim
370 1487 633 1539 imponuntur.
663 1488 740 1527 Sed
757 1488 909 1540 quidvis
928 1495 983 1526 est
999 1487 1152 1535 melius,
1179 1498 1297 1537 quam
1316 1484 1369 1522 sic

248 1554 341 1590 esse,
368 1548 413 1578 ut
445 1554 590 1580 sumus.
637 1542 706 1581 Sin
738 1550 868 1581 autem
891 1542 958 1580 ille
978 1541 1058 1580 suis
1089 1539 1369 1580 conditionibus

248 1603 346 1633 stare
360 1596 538 1643 noluerit,
558 1596 705 1634 bellum
723 1604 902 1648 paratum
917 1604 993 1642 est;
1015 1594 1204 1645 ejusmodi
1223 1601 1366 1639 tamen,

252 1649 356 1700 quod
372 1649 556 1687 sustinere
575 1650 639 1688 ille
661 1663 738 1688 non
756 1650 888 1702 possit,
909 1649 1119 1701 praesertim
1144 1660 1233 1686 cum
1251 1660 1275 1685 a
1292 1644 1370 1684 suis

249 1703 530 1742 conditionibus
551 1703 632 1755 ipse
655 1704 797 1755 fugerit
813 1718 824 1742 :
854 1703 1123 1742 tantummodo
1139 1710 1185 1740 ut
1202 1713 1291 1740 eum
1309 1699 1369 1736 in-

249 1757 523 1805 tercludamus,
550 1769 598 1796 ne
627 1758 676 1795 ad
707 1758 855 1796 Urbem
884 1757 1002 1809 possit
1033 1756 1206 1795 accedere
1221 1769 1234 1801 ;
1265 1752 1368 1806 quod

248 1813 493 1861 sperabamus
512 1811 592 1849 fieri
610 1824 730 1863 posse.
760 1811 943 1850 Delectus
962 1811 1064 1849 enim
1078 1822 1239 1860 magnos
1252 1808 1370 1846 habe-

249 1865 388 1903 bamus
405 1879 416 1902 :
443 1867 753 1917 putabamusque
770 1865 884 1902 illum
897 1873 1080 1912 metuere,
1099 1864 1131 1902 si
1149 1863 1199 1901 ad
1218 1863 1366 1901 Urbem

246 1917 301 1956 ire
314 1918 497 1970 eoepisset,
518 1931 566 1957 ne
586 1919 732 1957 Gallias
751 1919 966 1965 amitteret3
996 1930 1091 1970 quas
1101 1918 1234 1955 ambas
1251 1916 1369 1953 habet

252 1971 547 2018 inimicissimas,
577 1981 713 2024 praeter
732 1972 1050 2024 Transpadanos:
1084 1984 1133 2009 ex
1159 1968 1370 2021 Hispania-

251 2038 328 2076 que
347 2039 413 2064 sex
430 2026 612 2076 legioneS,
636 2034 675 2065 et
701 2039 843 2078 magna
860 2026 1018 2074 auxilia,
1037 2024 1203 2064 Afranio
1230 2030 1268 2061 et
1296 2022 1371 2060 Pe-

253 2079 348 2117 treio
377 2079 552 2127 ducibus,
583 2081 700 2119 habet
727 2094 752 2118 a
772 2089 890 2131 tergo.
918 2079 1100 2127 Videtur,
1131 2078 1163 2117 si
1191 2076 1368 2122 insaniet,

249 2145 357 2184 posse
375 2133 557 2185 opprimi,
575 2134 691 2173 modo
716 2142 761 2173 ut
779 2134 886 2173 Urbe
904 2134 1021 2173 salv‘a.
1060 2131 1280 2171 Maximam
1298 2142 1369 2167 au-

252 2194 330 2225 tem
347 2187 503 2239 plagam
522 2187 679 2240 accepit,
699 2188 803 2240 quod
827 2188 875 2237 is,
895 2188 964 2240 qui
982 2199 1177 2226 summam
1205 2183 1368 2224 auctori-
