1513 2382
363 76 450 114 AD
479 73 767 114 ATTICUM·
798 72 898 111 Lm.
927 72 961 110 Ι.
998 73 1058 111 12.
1200 75 1276 114 149

136 184 284 231 scribis,
311 195 501 222 conserva.
542 185 752 222 Summum
773 194 835 220 me
864 194 998 220 eorum
1017 182 1189 221 studium
1211 189 1266 222 te-

136 246 216 286 net,
236 237 334 276 sieut
352 238 516 277 odium*
500 250 585 288 Jam
597 245 819 276 caeterarum
834 248 993 281 rerum;
1024 248 1119 287 quas
1133 244 1190 285 tu,
1204 237 1264 276 in-

134 291 313 331 credibile
332 300 402 339 est,
429 305 548 344 quam
576 291 684 330 brevi
703 299 873 343 tempore
896 296 1042 343 quanto
1060 290 1261 331 deteriores

134 346 348 385 offensurus
367 346 431 396 sis,
451 360 571 398 quam
590 345 791 398 reliquisti.

774 459 817 483 V

352 509 470 563 (12.)
502 507 716 550 CICERO
745 505 969 547 ATTICO
1001 507 1040 546 S.

184 618 344 657 Teucris
373 619 441 658 illa
463 620 614 658 lentum
638 631 727 657 sane
755 618 978 668 negotium:
1011 631 1134 670 neque
1160 618 1256 657 Cor-

131 672 254 711 nelius
273 673 323 711 ad
341 673 563 712 Terentiam
581 681 713 725 postea
731 673 853 712 rediit.
894 673 1060 724 Opinor,
1081 673 1130 710 ad
1150 673 1254 711 Con-

126 726 284 773 sidium,
305 727 472 775 Axium,
502 728 699 775 Selicium,
733 726 1034 778 confugiendum
1053 734 1130 765 est:
1160 739 1255 765 nam

128 794 151 818 a
163 780 317 819 Caecilio
335 782 543 834 propinqui
556 781 704 820 minore
719 781 930 820 centesimis
944 794 1153 819 nummum
1168 794 1253 819 mo-

127 847 213 872 vere
232 847 309 873 non
328 844 500 886 possunt.
530 835 620 882 Sed,
641 843 684 873 ut
704 835 753 873 ad
770 835 897 896 prima
914 836 982 873 illa
1000 834 1167 883 redeam,
1193 835 1252 873 ni-

126 888 182 926 1111
201 901 271 939 ego
288 889 358 928 illa
376 889 652 942 impudentius,
673 903 713 927 as
716 889 849 937 tutius,
876 889 1031 935 lentius,
1061 889 1152 927 vidi.
1181 889 1251 927 Li-

125 943 278 980 bertum
296 944 435 982 mitto:
467 944 560 982 Tito
573 943 778 982 mandavi:
813 945 973 989 σκηψεις
991 951 1106 994 atque
1127 943 1250 979 avoc&-

127 1002 215 1042 λαι;
247 997 312 1035 sed
341 997 481 1045 nescio,
516 1010 565 1035 an
597 1012 808 1044 ταυτοματο
798 1014 827 1033 All
860 996 970 1044 ἡμων.
1014 997 1121 1034 Nam
1152 997 1251 1035 1111111

124 1050 352 1102 Pompeiani
369 1052 566 1103 prodromi
583 1050 778 1097 nuntiant,
799 1058 927 1102 aperte
942 1051 1175 1102 Pompeium
1187 1064 1249 1089 ac-

120 1110 267 1152 turum,
280 1105 455 1144 Antonio
467 1105 616 1143 succedi
628 1113 799 1156 oportere
813 1119 822 1142 :
846 1104 1059 1156 eodemque
1072 1113 1244 1156 tempore

122 1166 210 1209 aget
233 1166 374 1210 praetor
392 1160 442 1198 ad
461 1160 664 1211 populum.
695 1159 775 1197 Res
799 1158 987 1208 ejusmodi
1007 1166 1075 1205 est,
1092 1167 1136 1196 ut
1160 1172 1244 1210 ego,

121 1224 190 1251 nec
208 1227 276 1265 per
286 1215 492 1262 bonorum,
509 1227 578 1252 nec
589 1227 658 1265 per
671 1213 897 1264 popularem
909 1212 1246 1261 existimationem,

119 1266 276 1306 honeste
289 1268 432 1319 possim
446 1268 645 1307 hominem
660 1267 860 1305 defendere
874 1280 885 1313 ;
907 1279 976 1305 nec
990 1267 1088 1305 mihi
1105 1267 1245 1310 libeat:

121 1321 227 1372 quod
245 1323 307 1361 vel
335 1323 556 1361 maximum
575 1330 642 1361 est.
671 1321 831 1360 Etenim
859 1321 994 1359 accidit
1022 1321 1108 1367 hoc,
1140 1322 1244 1373 quod

120 1382 247 1414 totum
266 1377 483 1426 cujusmodi
502 1377 563 1424 sit,
584 1375 726 1414 mando
752 1375 837 1423 tibi,
866 1382 911 1413 ut
929 1375 1144 1427 perspicias.
1174 1375 1244 1413 Li-

118 1431 272 1468 bertum
291 1444 364 1492 ego
378 1431 515 1479 habeo,
536 1443 626 1470 sane
644 1443 813 1481 nequam
826 1429 1039 1476 hominem,
1057 1429 1241 1468 Hilarum

116 1483 214 1532 dico,
235 1485 554 1546 ratiocinatorem,
582 1492 619 1524 et
643 1484 821 1523 clientem
840 1492 966 1522 tuum.
1001 1483 1064 1522 De
1083 1497 1126 1522 eo
1145 1484 1243 1522 mihi

116 1538 296 1578 Valerius
313 1539 498 1592 interpres
509 1539 675 1587 nuntiat,
691 1538 918 1590 Chiliusque
932 1551 970 1576 se
985 1538 1136 1576 audisse
1151 1538 1242 1576 scri-

115 1592 173 1631 bit
201 1593 308 1640 haec3
339 1607 417 1632 esse
445 1593 644 1633 hominem
672 1606 761 1632 cum
791 1592 988 1631 Antonio:
1019 1592 1241 1630 Antonium

115 1659 229 1698 porro
257 1647 299 1685 in
328 1648 505 1700 cogendis
533 1647 705 1700 pecuniis
741 1647 927 1694 dictitare,
961 1654 1111 1698 partem
1140 1645 1239 1684 mihi

116 1701 250 1752 quaeri,
268 1709 305 1740 et
323 1715 347 1740 a
359 1715 422 1741 me
437 1702 632 1742 custodem
647 1701 862 1741 communis
877 1703 1042 1752 quaestfis
1055 1700 1239 1739 libertum

114 1768 193 1794 esse
210 1756 384 1795 missum.
426 1758 468 1795 Ν
470 1770 520 1796 011
537 1770 627 1796 sum
644 1756 883 1795 mediocriter
901 1761 1139 1793 commotus:
1171 1767 1240 1793 ne-

113 1823 190 1861 que
209 1817 339 1849 tamen
357 1811 523 1850 credidi:
554 1810 621 1850 sed
646 1819 744 1851 certe
771 1808 919 1861 aliquid
946 1808 1129 1848 sermonis
1153 1808 1240 1848 fuit.

114 1863 264 1903 Totum
280 1865 481 1917 investiga,
508 1878 703 1917 cognosce,
723 1864 918 1927 perspice,
948 1871 986 1902 et
1003 1863 1237 1902 nebulonem

111 1917 239 1967 illum,
260 1919 291 1958 si
311 1933 388 1982 quo
406 1927 518 1971 pacto
535 1927 658 1972 potes,
689 1932 737 1957 ex
755 1919 836 1957 istis
859 1917 951 1956 locis
969 1930 1115 1956 amove.
1145 1917 1238 1956 Hu-

107 1972 173 2022 jus
192 1975 376 2013 sermonis
395 1974 576 2013 Valerius
598 1980 790 2013 auctorem
823 1970 897 2012 Cn.
929 1972 1133 2010 Plancium
1164 1984 1235 2011 no-

110 2026 296 2067 minabat.
324 2028 476 2068 Mando
494 2029 566 2068 tibi
582 2029 711 2081 plane,
727 2034 868 2077 totum,
887 2033 933 2065 ut
944 2026 1086 2076 videas,
1102 2026 1234 2077 cujus-

110 2081 218 2120 modi
236 2082 297 2121 sit.

163 2136 397 2189 Pompeium
422 2136 532 2178 nobis
560 2136 835 2176 amicissimum
863 2142 1010 2176 constat
1034 2149 1125 2175 esse.
1153 2134 1229 2174 Di-

106 2189 274 2230 vortium
293 2191 440 2233 Muciae
464 2192 709 2232 vehementer
726 2192 922 2245 probatur.
936 2191 1009 2284 3P.
1029 2189 1228 2240 Clodium,

882 2256 909 2285 0
