1513 2382
342 97 425 136 AD
453 97 740 137 ATTICUM.
770 99 870 136 Lm.
892 97 994 136 VII.
1024 98 1090 135 26.
1204 97 1283 135 363

162 217 260 244 ram.
291 205 380 256 Ego
398 206 488 254 scio,
518 212 556 244 et
573 217 691 256 quem
709 212 896 253 metuam,
923 213 961 244 et
985 217 1103 256 quam
1122 206 1172 243 ob
1190 216 1284 242 rem.

164 260 234 299 Sin
252 259 323 298 erit
335 259 497 308 bellum,
512 267 557 298 ut
576 259 686 298 video
706 259 786 298 fore
801 273 814 308 3
843 266 969 311 partes
983 272 1079 297 meae
1093 270 1171 296 non
1190 257 1288 296 doei-

164 313 411 352 (letabuntur.

229 366 294 405 De
330 366 402 405 HS
439 366 612 405 millibus
645 365 731 404 XX
764 366 947 405 Terentia
982 365 1054 404 tibi
1086 365 1288 417 rescripsit.

166 420 368 472 Dionysio,
395 419 490 458 dum
524 420 791 459 existimabam
820 433 935 471 vagos
959 432 1029 458 nos
1056 419 1150 466 fore,
1179 418 1288 457 nolui

167 473 352 513 molaetus
365 487 456 512 esse.
486 474 580 512 Tibi
598 481 742 522 autem,
759 476 889 512 crebro
907 473 956 511 ad
967 486 1030 511 me
1048 472 1227 510 scribenti
1241 472 1290 510 de

169 529 252 578 ejus
266 528 402 576 officio,
419 528 518 565 nihil
534 527 731 578 rescripsi3
762 527 866 579 quod
880 527 982 566 diem
996 540 1044 565 ex
1058 526 1120 564 die
1135 539 1289 577 exspec-

168 584 315 629 tabam,
335 589 379 620 ut
398 588 617 629 statuerem,
638 581 733 632 quid
760 590 855 622 esset
881 581 1109 619 faciendum.
1153 580 1287 627 Nunc,

166 644 211 674 ut
229 636 352 683 video,
372 635 483 687 pueri
501 642 600 674 certe
617 635 659 672 in
679 635 887 673 Formiano
903 634 1079 673 videntur
1097 634 1291 672 hiematu-

166 690 223 728 ri:
256 702 354 728 num
379 696 416 727 et
445 703 528 741 ego,
555 689 692 728 naecio.
738 689 780 729 Si
803 689 907 727 enim
926 689 996 726 erit
1017 688 1179 733 bellum,
1200 699 1290 725 cum

170 743 357 795 Pompeio
383 756 462 782 esse
487 743 677 782 constitui.
720 743 840 790 Quod
857 743 1005 780 habebo
1029 741 1132 788 certi,
1151 741 1291 779 faciam

168 805 213 836 ut
241 798 346 836 scias.
389 797 477 849 Ego
508 797 656 835 bellum
685 796 938 835 foedissimum
966 796 1142 833 futurum
1169 802 1291 847 puto3

172 852 245 891 nisi
259 852 328 904 qui
349 852 411 905 (ut
424 860 466 891 tu
482 849 571 902 scis)
594 850 796 890 Parthicus
815 863 922 890 casus
941 849 1136 889 exstiterit.
