1513 2382
245 72 297 109 88
432 73 516 112 AD
543 74 840 115 DIVERSOS.
869 73 968 113 LIB.
996 72 1093 113 XV.
1123 72 1162 111 4.

299 179 402 220 Cum
431 182 481 221 ad
511 195 575 222 me
599 184 729 235 legati,
754 183 860 222 missi
884 185 933 222 ab
957 180 1153 221 Antiocho
1177 178 1359 218 Comma-

243 247 356 285 geno,
378 237 564 276 venissent
581 238 622 276 in
641 246 761 277 castra
778 238 828 276 ad
846 237 1024 276 Iconium
1041 250 1076 275 a.
1102 234 1141 272 d.
1162 233 1233 272 III
1252 232 1359 271 Non.

247 290 503 340 Septembres,
534 292 638 343 iique
666 292 764 330 mihi
792 290 1043 339 nuntiassent,
1072 288 1170 340 regis
1196 285 1360 348 Partho-

244 355 333 381 rum
362 344 501 393 filium,
522 359 689 397 quocum
707 353 803 384 esset
826 345 1067 397 nuptaregis
1083 345 1362 401 Armemornfn

245 409 362 445 soror,
377 398 426 436 ad
444 399 671 451 Euphraten
682 413 770 438 cum
785 400 966 438 maximis
985 397 1217 437 Parthorum
1229 406 1361 454 copus,

247 451 537 505 multarumque
565 462 746 505 praeterea
773 454 945 505 gentium
970 452 1113 504 magna
1136 462 1281 511 manu,
1297 460 1362 487 ve-

247 503 361 552 nisse,
381 506 685 560 Euphratenque
706 510 789 558 jam
819 508 977 546 transire
1000 507 1180 558 coepisse3
1210 503 1362 554 dlmque

247 558 482 598 Armenium
512 575 641 613 regem
671 563 711 600 in
745 561 1031 613 Cappadociam
1058 561 1248 612 impetum
1284 568 1363 594 esse

248 611 466 660 facturum3
496 617 643 666 putavi,
663 629 732 668 pro
751 616 880 655 nostra
904 614 1190 661 necessitudine,
1210 624 1274 650 me
1290 609 1364 648 hoc

249 665 300 704 ad
319 674 354 705 te
373 669 532 707 scribere
551 679 733 721 oportere.

305 721 479 769 Publice,
500 732 654 775 propter
676 724 771 763 duas
794 737 939 772 causas,
959 723 1057 761 nihil
1075 720 1231 773 scripsi?
1260 716 1365 770 qUOd

250 780 288 812 et
305 774 433 825 ipsum
464 776 771 829 Commagenum
790 779 906 829 legati
925 778 1100 816 dicebant
1117 775 1167 813 ad
1191 780 1366 812 senatum

249 829 378 866 statim
406 831 560 869 nuntios
588 832 792 884 literasque
820 832 994 876 misisse;
1024 838 1062 869 et
1084 829 1365 888 existimabam,

249 881 312 920 M.
332 883 522 922 Bibulum
537 887 815 937 proconsulem,
841 886 910 937 qui
928 886 1072 924 circiter
1093 882 1186 921 Idus
1205 880 1367 921 Sextiles

249 937 297 974 ab
317 937 473 988 Epheso
501 939 541 977 in
563 940 713 991 Syriam
733 940 894 978 navibus
919 940 1110 991 profectus
1129 943 1221 984 erat,
1243 933 1367 988 (quod

248 991 430 1030 secundos
449 1000 579 1032 ventos
598 994 807 1041 habuisset)
832 995 915 1043 jam
933 993 975 1031 in
1003 990 1239 1044 provinciam
1257 1000 1367 1050 suam

247 1045 463 1095 pervenisse
479 1060 491 1093 3
522 1048 631 1097 cujus
650 1048 767 1086 literis
786 1047 916 1087 omnia
934 1047 1092 1088 certiora
1108 1044 1301 1096 perlatum
1318 1054 1366 1080 m

251 1097 301 1136 ad
320 1107 494 1137 senatum
513 1103 710 1152 putabam.

303 1152 409 1191 Mihi
430 1155 492 1206 (ut
509 1155 549 1192 in
567 1154 791 1205 hujusmodi
809 1169 863 1202 re,
895 1161 1076 1205 tantoque
1099 1150 1220 1201 bello)
1240 1151 1365 1212 maxi-

248 1218 324 1244 mae
354 1220 454 1246 curae
483 1216 552 1255 est,
585 1216 642 1256 ut,
667 1223 754 1261 quae
780 1209 897 1261 copiis
921 1216 958 1248 et
987 1208 1124 1259 opibus
1148 1214 1274 1245 tenere
1297 1218 1364 1243 vix

248 1260 453 1311 possimus,
492 1276 536 1301 ea
567 1263 860 1302 mansuetudine
893 1270 930 1301 et
959 1259 1192 1301 continentia
1218 1259 1363 1306 nostra,

249 1314 438 1354 sociorum
467 1316 662 1365 fidelitate,
689 1324 901 1356 teneamus.
926 1317 1007 1363 Tu,
1038 1315 1169 1361 velim,
1198 1322 1245 1353 ut
1275 1325 1364 1353 con-

252 1369 384 1417 suesti,
405 1382 474 1408 nos
492 1372 665 1409 absentes
683 1371 819 1422 diligas
838 1378 875 1410 et
893 1370 1085 1409 defendas.
1115 1369 1227 1408 Vale.

334 1532 350 1585 (
367 1531 424 1582 4.)
455 1531 517 1571 M.
536 1532 587 1571 T.
607 1533 652 1572 C.
681 1532 802 1573 IMP.
833 1533 894 1573 M.
909 1533 1132 1573 CATONI
1160 1534 1200 1573 S.
1213 1532 1266 1571 D.

306 1637 630 1689 (Argumentum.
656 1666 711 1673 -
729 1640 823 1689 Res,
843 1654 866 1679 a
891 1654 930 1680 se
948 1640 989 1678 in
1017 1640 1212 1691 provincia
1230 1646 1366 1692 gestas,

250 1699 379 1730 narrat
407 1693 563 1739 ordine3
595 1702 646 1742 et,
677 1702 722 1732 ut
751 1694 792 1733 in
821 1703 954 1734 senatu
978 1695 1272 1746 supplicationes
1296 1692 1370 1733 sibi

251 1744 441 1796 decernat,
461 1745 589 1799 petit.)

305 1853 468 1893 Summa
486 1862 553 1893 tua
571 1856 772 1895 auctoritas
791 1856 893 1904 fecit,
912 1869 1122 1909 meumque
1140 1863 1369 1909 perpetuum

250 1905 298 1944 de
317 1908 385 1946 tua
403 1909 588 1959 singulari
606 1910 744 1948 virtute
767 1910 972 1959 judicium,
991 1918 1035 1949 ut
1056 1911 1188 1962 magni
1205 1910 1291 1950 mea
1308 1911 1368 1949 in-

246 1966 384 1999 teresse
401 1970 593 2013 putarem,
621 1972 658 2001 et
677 1977 734 2002 res
754 1978 829 2010 eas,
859 1978 954 2016 quas
973 1965 1185 2015 gessissem,
1206 1965 1276 2003 tibi
1295 1977 1364 2004 no-

246 2020 304 2052 tas
322 2027 414 2063 esse,
435 2024 472 2053 et
500 2029 577 2056 non
598 2017 764 2068 ignorari
783 2032 806 2056 a
824 2026 874 2066 te,
896 2017 973 2070 qua
990 2019 1168 2070 aequitate
1187 2027 1224 2057 et
1244 2019 1364 2057 conti-

244 2068 375 2106 nentia
393 2076 517 2107 tuerer
548 2072 678 2116 socios,
706 2072 1016 2124 provinciamque
1046 2072 1362 2111 administrarem.

248 2121 324 2160 His
355 2122 458 2161 enim
477 2136 500 2161 a
517 2131 555 2162 te
577 2125 749 2176 cognitis,
770 2126 993 2174 arbitrabar,
1024 2126 1176 2165 facilius
1195 2139 1258 2165 me
1277 2127 1360 2173 tibi,

243 2188 331 2226 quae
350 2177 500 2224 vellem,
521 2181 785 2229 probaturum.
816 2179 918 2218 Cum
931 2180 969 2218 in
985 2180 1219 2231 provinciam
1237 2180 1360 2232 pridie
