1513 2382
227 81 278 118 96
420 79 503 118 AD
531 79 824 120 DIVERSOS.
856 80 956 118 Lm.
988 80 1082 120 XV.
1109 82 1148 119 6.

283 187 401 237 Quod
431 188 462 226 si
491 188 677 240 triumphi
694 189 984 240 praerogativam
1010 196 1124 240 putas
1154 186 1344 240 supplica-

230 243 388 290 tionem,
423 250 460 281 et
486 243 623 281 idcirco
655 255 785 280 casum
816 242 942 294 potius
972 256 1090 294 quam
1123 250 1161 280 te
1195 242 1345 280 laudari

233 297 380 341 mavis;
410 308 533 348 neque
564 296 878 347 supplicationem
905 297 1074 348 sequitur
1101 309 1250 347 semper
1278 296 1347 334 tri-

234 351 429 401 umphus;
459 358 496 388 et
528 350 722 401 triumpho
751 351 874 388 multo
903 350 1040 388 clarius
1069 357 1137 397 est,
1171 357 1347 388 senatum

232 404 416 454 judicare,
436 403 563 454 potius
582 404 872 441 mansuetudine
900 411 936 442 et
954 402 1168 442 innocentia
1184 403 1348 454 impera-

235 457 342 501 toris,
362 458 608 508 provinciam,
630 470 748 508 quam
771 457 808 495 vi
832 457 1000 495 militum
1027 465 1094 495 aut
1118 457 1350 508 benignitate

239 511 428 557 Deorum,
463 519 648 549 retentam
681 519 794 562 atque
824 520 1080 550 conservatam
1112 524 1216 549 esse:
1248 510 1352 563 quod

242 578 311 616 ego
329 565 417 602 mea
436 565 620 602 sententia
639 566 849 602 censebam.

291 621 425 669 Atque
439 618 520 656 haec
534 631 603 668 ego
615 618 752 656 idcirco
764 618 812 655 ad
824 626 873 664 te,
890 626 1019 656 contra
1037 618 1351 657 consuetudinem

239 685 381 719 meam,
402 672 576 722 pluribus
602 671 744 722 scripsi,
766 679 810 708 ut
830 672 950 723 (quod
968 672 1137 710 maxime
1162 673 1263 720 volo)
1284 685 1351 710 ex-

240 726 397 771 istimes,
418 738 481 763 me
498 726 681 772 laborare,
711 733 756 762 ut
774 725 844 763 tibi
866 726 1129 776 persuadeam,
1149 739 1213 764 me
1231 733 1268 763 et
1285 739 1352 764 vo-

239 780 354 818 luisse
384 779 430 816 de
449 779 517 816 tua
541 780 750 827 majestate,
772 779 875 829 quod
897 779 1178 829 amplissimum
1200 779 1274 817 sim
1292 793 1353 817 ar-

241 834 402 871 bitratus
419 846 430 876 3
461 840 511 878 et,
532 833 635 883 quod
654 843 695 870 tu
716 832 900 879 maluisti,
914 832 1058 871 factum
1079 846 1156 871 esse
1177 833 1355 883 gaudere.

243 887 355 934 Vale,
384 893 420 924 et
449 898 518 924 nos
537 886 680 936 dilige;
712 894 749 924 et
773 886 946 924 instituto
964 887 1095 925 itinere
1120 887 1356 926 severitatem

243 939 557 992 diligentiamque
576 940 682 978 sociis
701 948 737 978 et
754 940 972 992 reipublicae
989 948 1138 993 praesta.
1167 940 1279 979 Vale.

376 1102 459 1153 (6.)
489 1101 550 1139 M.
567 1101 617 1139 T.
634 1102 679 1140 G.
709 1101 770 1139 M,
793 1102 1017 1142 CATONI
1047 1104 1085 1142 S.
1101 1104 1147 1142 P.
1163 1102 1217 1141 D.

305 1204 626 1254 (Argumentum.
653 1226 705 1232 —
735 1203 934 1251 Quantam
967 1219 1015 1243 ex
1045 1204 1200 1242 Catonis
1228 1205 1363 1244 lauda-

249 1257 350 1296 tione
380 1259 615 1308 voluptatem
639 1258 792 1308 ceperit,
821 1272 908 1297 cum
932 1259 1051 1310 ipsius
1079 1258 1193 1296 laude
1222 1260 1364 1298 eximia

251 1311 432 1362 exponit;
462 1312 646 1362 petitque,
672 1312 703 1349 si
733 1311 858 1350 favere
876 1312 1039 1351 noluerit
1058 1312 1099 1349 in
1123 1312 1364 1363 adipiscendo

250 1365 460 1416 triumpho,
482 1366 630 1413 saltem,
652 1366 684 1402 si
703 1366 945 1416 adipiscatur,
965 1366 1160 1417 gaudeat.)

307 1474 335 1495 “
352 1472 483 1510 Laetus
499 1486 584 1510 sum
598 1473 745 1511 laudari
760 1474 866 1520 me,''
894 1473 1020 1524 inquit
1035 1473 1180 1512 Hector
1194 1472 1363 1525 (opinor)

252 1526 355 1576 apud
374 1527 413 1564 N
418 1526 570 1573 aevium,
604 1529 631 1548 ‘⁶
645 1528 712 1564 abs
732 1534 782 1574 te,
801 1535 922 1578 pater,
943 1541 965 1565 a
983 1527 1137 1565 laudato
1156 1527 1278 1565 viro.’'
1305 1528 1367 1566 Ea

253 1587 309 1617 est
324 1580 426 1618 enim
445 1580 611 1630 profecto
627 1581 798 1629 jucunda
811 1581 909 1628 laus,
930 1594 1017 1631 quae
1035 1583 1082 1618 ab
1101 1580 1147 1618 iis
1164 1581 1368 1632 proficisci-

250 1640 314 1670 tur
332 1634 400 1684 qui
427 1633 501 1684 ipsi
518 1634 558 1671 in
577 1633 690 1672 laude
709 1634 897 1672 vixerunt.
926 1634 1013 1685 Ego
1038 1648 1136 1678 vero,
1158 1635 1218 1673 vel
1235 1643 1366 1685 gratu-

251 1687 391 1725 latione
422 1687 619 1725 literarum
645 1696 814 1736 tuarum,
842 1689 901 1726 vel
927 1688 1150 1726 testimoniis
1174 1689 1368 1727 sententiae

252 1740 375 1787 dictae,
395 1740 494 1778 nihil
517 1749 571 1779 est
590 1741 694 1793 quod
712 1755 774 1779 me
792 1754 868 1779 non
888 1749 1102 1779 assecutum
1125 1750 1270 1792 putem.
1300 1742 1368 1780 Id-

253 1807 328 1844 que
352 1794 449 1831 mihi
473 1807 562 1832 cum
588 1795 884 1845 amplissimum,
905 1803 989 1832 tum
1017 1795 1277 1845 gratissimum
1296 1804 1366 1843 est,

252 1853 290 1884 te
321 1847 480 1885 libenter
512 1848 688 1886 amicitiae
719 1849 877 1896 dedisse,
910 1848 1014 1899 quod
1042 1849 1188 1899 liquido
1220 1849 1368 1887 veritati

253 1899 372 1938 dares.
401 1901 469 1948 Et,
491 1901 523 1938 si
542 1914 618 1939 non
644 1902 760 1940 modo
779 1914 925 1949 omnes,
946 1915 1079 1940 verum
1104 1902 1218 1940 etiam
1237 1903 1367 1951 multi,

255 1953 418 1992 Catones
443 1962 564 1992 essent
592 1955 633 1992 in
660 1955 810 1994 civitate
833 1956 977 2002 nostra,
997 1955 1038 1992 in
1063 1956 1142 2006 qu&¹
1159 1968 1284 1992 unum
1301 1969 1369 1995 ex-

255 2007 392 2045 stitisse
421 2008 596 2046 mirabile
614 2016 694 2054 est3
725 2022 840 2060 quem
871 2021 941 2060 ego
965 2021 1135 2056 currum,
1162 2016 1230 2047 aut
1250 2021 1370 2060 quam

254 2060 440 2107 lauream,
461 2074 550 2099 cum
580 2062 649 2100 tua
666 2062 884 2100 laudatione
909 2062 1118 2100 conferrem
1132 2064 1150 2101 Ρ
1180 2062 1301 2110 Nam,
1321 2064 1371 2102 ad

255 2126 387 2152 meum
407 2127 574 2162 sensum,
595 2123 633 2153 et
650 2115 699 2153 ad
718 2115 816 2154 illud
835 2116 1023 2154 sincerum
1042 2129 1085 2154 ac
1103 2116 1241 2154 subtile
1265 2117 1372 2166 judi-

257 2166 373 2217 cium,
411 2168 509 2207 nihil
542 2176 664 2220 potest
697 2183 775 2208 esse
807 2169 1050 2217 laudabilius,
1084 2182 1203 2221 quam
1233 2182 1276 2208 ea
1306 2178 1374 2210 tua
