1513 2382
200 104 281 143 356
392 111 475 150 AD
503 112 791 153 ATTICUM.
818 113 920 154 Lm.
949 113 1049 154 v11.
1082 116 1144 154 18.

201 213 277 252 Sed
296 214 393 268 haec,
414 221 544 272 paucis
563 220 711 269 diebus,
732 234 780 260 ex
804 222 908 261 iuius
926 223 975 262 ad
993 231 1121 262 nostra
1148 234 1330 273 responsa

201 273 406 320 rffiponsis,
426 274 701 325 intelligentur,
723 288 906 326 quorsum
925 290 1082 316 evasura
1100 277 1188 315 sint.
1216 275 1327 313 Tum

199 321 248 381 {td
269 329 306 360 te
319 327 483 366 scribam
496 329 623 379 plura,
644 328 675 366 si
695 329 765 366 erit
782 330 929 368 bellum
948 345 958 369 ι
989 331 1047 368 sin
1066 340 1197 368 autem
1211 329 1328 368 etiam

202 375 383 428 mduciae,
403 389 440 419 te
455 382 598 433 ipsum,
618 389 663 420 ut
682 395 806 433 spero,
827 384 977 422 videbo.

256 430 346 481 Ego
366 435 431 473 IV
460 436 564 474 Non.
583 435 697 473 Febr.
725 450 802 486 quo
830 437 891 475 die
917 437 987 475 has
1009 437 1136 474 literas
1156 436 1258 484 dedi,
1287 436 1329 474 in

202 482 426 535 Formiano,
447 502 524 540 quo
548 488 683 540 Capua
700 490 899 536 redieram,
929 491 1108 528 mulieres
1136 497 1331 542 exspecta-

201 537 318 598 bflrn:
344 542 492 594 'quibus
522 543 680 593 quidem
699 543 938 594 scripseram,
961 544 1037 581 tuis
1061 543 1180 582 literis
1198 544 1332 581 admo-

201 598 320 638 mtus,
360 603 404 633 ut
441 597 580 634 Romae
616 604 840 634 manerent:
883 597 950 635 sed
996 596 1110 635 audio
1146 598 1332 646 majorem

202 648 413 695 quemdam
432 649 473 686 in
492 650 600 688 Urbe
620 650 796 688 timorem
809 663 899 689 esse.
932 650 1080 701 Capuae
1093 651 1197 688 Non.
1219 650 1334 688 Febr.

204 711 283 736 esse
302 703 494 750 volebam,
511 703 602 755 quia
614 704 786 742 consules
797 705 1004 753 jusserant.
1033 703 1238 755 Quidquid
1254 704 1333 742 huc

207 754 277 791 erit
291 769 314 793 a
334 756 520 808 Pompeio
539 757 718 803 allatum,
735 758 864 795 statim
884 757 933 796 ad
953 767 991 796 te
1009 758 1195 801 scribam:
1229 764 1333 796 tuas-

211 822 287 860 que
305 809 352 848 de
370 810 453 849 istis
473 812 585 851 rebus
603 810 731 850 literas
750 813 991 863 exspectabo.

433 975 546 1022 (18.)
586 973 799 1013 CICERO
827 973 1049 1014 ATTICO
1079 975 1119 1013 S.

274 1081 425 1129 Quarto
445 1082 537 1120 Non
557 1083 670 1121 Febr.
687 1082 865 1121 mulieres
883 1090 1022 1120 nostrae
1035 1081 1211 1120 Formias
1230 1093 1343 1120 vene-

221 1142 338 1173 runt:
369 1143 513 1187 tuaque
542 1149 631 1187 erga
661 1150 700 1174 se
731 1137 868 1184 officia,
898 1137 1013 1187 plena
1039 1135 1099 1173 tui
1128 1134 1343 1174 suavissimi

221 1188 351 1238 studii,
371 1191 593 1228 attulerunt.
633 1191 712 1228 Eas
731 1203 815 1241 ego,
846 1189 975 1241 quoad
1001 1189 1182 1228 sciremus
1210 1196 1343 1227 utrum

223 1243 327 1293 turpi
344 1255 437 1293 pace
455 1243 563 1282 nobis
583 1256 632 1281 an
650 1244 789 1282 misero
820 1244 922 1282 bello
955 1250 1050 1282 esset
1079 1242 1282 1290 utendum,
1302 1242 1343 1280 in

222 1295 430 1334 Formiano
461 1310 539 1335 esse
568 1297 686 1344 volui,
711 1305 748 1335 et
779 1297 859 1335 una
878 1297 1089 1335 Cicerones.
1133 1295 1221 1347 Ipse
1253 1308 1342 1333 cum

222 1349 338 1388 fratre
376 1349 553 1401 Capuam
591 1350 639 1388 ad
683 1351 854 1389 consules
895 1350 1039 1401 (Nonis
1078 1349 1182 1387 enim
1213 1349 1343 1388 adesse

219 1403 317 1451 jussi
336 1403 486 1454 sumus)
509 1405 578 1442 III
600 1404 705 1443 Non.
725 1403 915 1456 profectus
933 1416 1035 1452 sum,
1055 1415 1146 1441 cum
1170 1402 1239 1441 has
1257 1402 1343 1442 lite-

222 1469 282 1494 ras
301 1457 400 1495 dedi.

277 1510 473 1562 Responsa
493 1511 669 1565 Pompeii
697 1519 805 1564 grata
830 1511 989 1564 populo,
1010 1517 1047 1549 et
1065 1512 1224 1562 probata
1254 1523 1343 1550 con-

224 1563 324 1603 cioni
343 1578 423 1603 esse
442 1565 633 1605 dicuntur.
672 1567 734 1604 Ita
751 1567 943 1618 putaram.
972 1565 1074 1613 Quae
1101 1564 1259 1616 quidem
1277 1565 1344 1604 ille

223 1618 254 1655 si
280 1619 503 1670 repudiarit,
531 1621 684 1670 jacebit.
717 1621 758 1659 Si
777 1619 1034 1671 acceperit....
1048 1619 1193 1657 Utrum
1211 1618 1343 1669 igitur,

224 1672 388 1724 inquies,
419 1673 570 1712 mavis?
600 1674 903 1726 Responderem,
937 1673 982 1721 si,
1016 1672 1344 1724 quemadmodum

224 1726 347 1777 parati
367 1740 547 1775 essemus,
569 1729 715 1768 scirem.
743 1727 935 1773 Cassium,
956 1734 1037 1765 erat
1060 1726 1126 1764 hic
1151 1726 1342 1774 auditum,

223 1781 430 1831 expulsum
462 1782 638 1830 Ausone,
673 1794 835 1832 eamque
864 1783 1001 1819 urbem
1026 1793 1050 1818 a
1076 1779 1185 1818 nobis
1214 1780 1346 1818 teneri.

224 1834 266 1873 Si
285 1835 432 1873 bellum
444 1834 621 1874 futurum
641 1844 709 1883 est,
729 1835 927 1886 negotium
939 1834 1044 1872 utile.

280 1886 473 1927 Caesarem
505 1890 677 1940 quidem,
701 1890 750 1928 L.
773 1893 925 1927 Caesare
953 1900 1043 1927 cum
1075 1887 1265 1926 mandatis
1295 1887 1344 1926 de

222 1955 316 1993 pace
334 1943 465 1990 misso,
486 1951 615 1982 tamen
635 1944 743 1982 aiunt
767 1942 948 1981 acerrime
975 1941 1165 1985 delectum
1187 1941 1340 1988 habere,

222 1996 305 2034 loca
334 2008 532 2047 occupare,
556 1998 697 2036 vincire
726 1995 922 2048 praesidiis.
954 1995 992 2035 O
1012 1995 1206 2046 perditum
1224 1995 1339 2032 latro-

216 2049 331 2088 nem!
364 2063 387 2087 o
407 2050 472 2088 vix
490 2051 571 2089 ullo
589 2052 666 2090 otio
686 2049 1007 2102 compensandam
1034 2049 1133 2094 hanc
1158 2047 1341 2099 reipubli-

213 2115 268 2142 cae
287 2103 565 2154 turpitudinem
581 2106 590 2143 !
624 2105 701 2145 Sed
719 2104 949 2144 stomachari
967 2102 1211 2147 desinamus3
1243 2109 1341 2141 tem-

215 2156 299 2207 pori
318 2170 544 2208 pareamus;
575 2171 664 2198 cum
686 2159 872 2211 Pompeio
890 2158 931 2196 in
952 2155 1181 2208 Hispaniam
1197 2168 1340 2194 eamus.

219 2210 316 2250 Haec
331 2218 421 2263 opto
437 2211 476 2250 in
495 2213 632 2261 malis3
664 2213 847 2265 quoniam
861 2211 964 2252 illius
982 2211 1145 2251 alterum
1165 2210 1341 2249 consula-
