<?xml version="1.0" encoding="UTF-8"?>
<!DOCTYPE html PUBLIC "-//W3C//DTD XHTML 1.0 Transitional//EN"
    "http://www.w3.org/TR/xhtml1/DTD/xhtml1-transitional.dtd">
<html xmlns="http://www.w3.org/1999/xhtml" xml:lang="en" lang="en">
 <head>
  <title>
</title>
<meta http-equiv="Content-Type" content="text/html;charset=utf-8" />
  <meta name='ocr-system' content='tesseract 3.04.00' />
  <meta name='ocr-capabilities' content='ocr_page ocr_carea ocr_par ocr_line ocrx_word'/>
</head>
<body>
  <div class='ocr_page' id='page_1' title='image "./operaern10ciceuoft_0318.png"; bbox 0 0 1513 2382; ppageno 0'>
   <div class='ocr_carea' id='block_1_1' title="bbox 220 74 1131 118">
    <p class='ocr_par' dir='ltr' id='par_1_1' title="bbox 220 74 1131 118">
     <span class='ocr_line' id='line_1_1' title="bbox 220 74 1131 118; baseline 0.005 -5"><span class='ocrx_word' id='word_1_1' title='bbox 220 76 299 114; x_wconf 79' lang='lat'>304</span> <span class='ocrx_word' id='word_1_2' title='bbox 435 76 517 115; x_wconf 88' lang='lat' dir='ltr'>AD</span> <span class='ocrx_word' id='word_1_3' title='bbox 536 76 820 116; x_wconf 87' lang='lat' dir='ltr'>ATTICUM.</span> <span class='ocrx_word' id='word_1_4' title='bbox 850 76 949 115; x_wconf 76' lang='lat' dir='ltr'>Lm.</span> <span class='ocrx_word' id='word_1_5' title='bbox 973 74 1048 116; x_wconf 86' lang='lat' dir='ltr'>VI.</span> <span class='ocrx_word' id='word_1_6' title='bbox 1080 76 1131 118; x_wconf 84' lang='lat'>1..</span> 
     </span>
    </p>
   </div>
   <div class='ocr_carea' id='block_1_2' title="bbox 221 180 1343 235">
    <p class='ocr_par' dir='ltr' id='par_1_2' title="bbox 221 180 1343 235">
     <span class='ocr_line' id='line_1_2' title="bbox 221 180 1343 235; baseline 0.001 -17"><span class='ocrx_word' id='word_1_7' title='bbox 221 180 346 232; x_wconf 85' lang='lat' dir='ltr'>Igitur</span> <span class='ocrx_word' id='word_1_8' title='bbox 364 188 449 220; x_wconf 84' lang='lat' dir='ltr'>meo</span> <span class='ocrx_word' id='word_1_9' title='bbox 467 182 615 222; x_wconf 84' lang='lat' dir='ltr'>decreto</span> <span class='ocrx_word' id='word_1_10' title='bbox 633 184 756 222; x_wconf 89' lang='lat' dir='ltr'>soluta</span> <span class='ocrx_word' id='word_1_11' title='bbox 781 196 839 222; x_wconf 57' lang='grc' dir='ltr'>ιω</span> <span class='ocrx_word' id='word_1_12' title='bbox 858 182 1010 235; x_wconf 59' lang='lat' dir='ltr'>Scaptio</span> <span class='ocrx_word' id='word_1_13' title='bbox 1026 182 1179 221; x_wconf 85' lang='lat' dir='ltr'>statim.</span> <span class='ocrx_word' id='word_1_14' title='bbox 1195 181 1343 229; x_wconf 64' lang='lat' dir='ltr'>Quam*</span> 
     </span>
    </p>
   </div>
   <div class='ocr_carea' id='block_1_3' title="bbox 219 234 1327 339">
    <p class='ocr_par' dir='ltr' id='par_1_3' title="bbox 219 234 1327 339">
     <span class='ocr_line' id='line_1_3' title="bbox 219 234 1327 326; baseline 0 -54"><span class='ocrx_word' id='word_1_15' title='bbox 219 235 261 272; x_wconf 88' lang='lat' dir='ltr'>id</span> <span class='ocrx_word' id='word_1_16' title='bbox 279 242 424 326; x_wconf 53' lang='lat' dir='ltr'>recturgi</span> <span class='ocrx_word' id='word_1_17' title='bbox 444 235 506 284; x_wconf 88' lang='lat' dir='ltr'>sit,</span> <span class='ocrx_word' id='word_1_18' title='bbox 527 244 568 274; x_wconf 91' lang='lat' dir='ltr'>tu</span> <span class='ocrx_word' id='word_1_19' title='bbox 584 237 801 286; x_wconf 84' lang='lat' dir='ltr'>judicabis,</span> <span class='ocrx_word' id='word_1_20' title='bbox 830 249 878 275; x_wconf 91' lang='lat' dir='ltr'>ne</span> <span class='ocrx_word' id='word_1_21' title='bbox 895 237 944 275; x_wconf 85' lang='lat' dir='ltr'>ad</span> <span class='ocrx_word' id='word_1_22' title='bbox 965 236 1152 276; x_wconf 87' lang='lat' dir='ltr'>Catonem</span> <span class='ocrx_word' id='word_1_23' title='bbox 1171 234 1327 292; x_wconf 81' lang='lat' dir='ltr'>quidem</span> 
     </span>
     <span class='ocr_line' id='line_1_4' title="bbox 224 301 449 339; baseline 0.005 -14"><span class='ocrx_word' id='word_1_24' title='bbox 224 301 386 339; x_wconf 86' lang='lat' dir='ltr'>provoca</span> <span class='ocrx_word' id='word_1_25' title='bbox 413 301 449 326; x_wconf 87' lang='lat' dir='ltr'>o.</span> 
     </span>
    </p>
   </div>
   <div class='ocr_carea' id='block_1_4' title="bbox 223 341 1358 2157">
    <p class='ocr_par' dir='ltr' id='par_1_4' title="bbox 223 341 1356 1248">
     <span class='ocr_line' id='line_1_5' title="bbox 277 341 1334 395; baseline 0 -16"><span class='ocrx_word' id='word_1_26' title='bbox 277 341 352 380; x_wconf 71' lang='lat' dir='ltr'>sed</span> <span class='ocrx_word' id='word_1_27' title='bbox 383 343 461 380; x_wconf 85' lang='lat' dir='ltr'>noli</span> <span class='ocrx_word' id='word_1_28' title='bbox 488 356 552 381; x_wconf 84' lang='lat' dir='ltr'>me</span> <span class='ocrx_word' id='word_1_29' title='bbox 575 352 710 395; x_wconf 81' lang='lat' dir='ltr'>putare</span> <span class='ocrx_word' id='word_1_30' title='bbox 740 349 1020 389; x_wconf 74' lang='grc' dir='ltr'>εγκελευσαατκ</span> <span class='ocrx_word' id='word_1_31' title='bbox 1045 341 1112 380; x_wconf 81' lang='lat' dir='ltr'>illa</span> <span class='ocrx_word' id='word_1_32' title='bbox 1136 349 1203 379; x_wconf 81' lang='lat' dir='ltr'>tua</span> <span class='ocrx_word' id='word_1_33' title='bbox 1229 342 1334 390; x_wconf 83' lang='lat' dir='ltr'>abje-</span> 
     </span>
     <span class='ocr_line' id='line_1_6' title="bbox 224 394 1334 446; baseline -0.001 -13"><span class='ocrx_word' id='word_1_34' title='bbox 224 395 330 441; x_wconf 80' lang='lat' dir='ltr'>cisse,</span> <span class='ocrx_word' id='word_1_35' title='bbox 363 409 450 446; x_wconf 91' lang='lat' dir='ltr'>quae</span> <span class='ocrx_word' id='word_1_36' title='bbox 479 396 576 434; x_wconf 90' lang='lat' dir='ltr'>mihi</span> <span class='ocrx_word' id='word_1_37' title='bbox 607 397 646 434; x_wconf 92' lang='grc' dir='ltr'>ιιι</span> <span class='ocrx_word' id='word_1_38' title='bbox 672 396 875 435; x_wconf 80' lang='lat' dir='ltr'>visceribus</span> <span class='ocrx_word' id='word_1_39' title='bbox 901 395 1055 433; x_wconf 85' lang='lat' dir='ltr'>haerent.</span> <span class='ocrx_word' id='word_1_40' title='bbox 1094 394 1210 433; x_wconf 87' lang='lat' dir='ltr'>Flens</span> <span class='ocrx_word' id='word_1_41' title='bbox 1237 395 1334 432; x_wconf 84' lang='lat' dir='ltr'>mihi</span> 
     </span>
     <span class='ocr_line' id='line_1_7' title="bbox 223 448 1333 509; baseline -0.001 -23"><span class='ocrx_word' id='word_1_42' title='bbox 223 461 351 486; x_wconf 88' lang='lat' dir='ltr'>meam</span> <span class='ocrx_word' id='word_1_43' title='bbox 381 449 525 489; x_wconf 84' lang='lat' dir='ltr'>famam</span> <span class='ocrx_word' id='word_1_44' title='bbox 554 449 838 488; x_wconf 80' lang='lat' dir='ltr'>commendasti.</span> <span class='ocrx_word' id='word_1_45' title='bbox 868 448 969 496; x_wconf 88' lang='lat' dir='ltr'>Quae</span> <span class='ocrx_word' id='word_1_46' title='bbox 994 448 1151 509; x_wconf 81' lang='lat' dir='ltr'>epistola</span> <span class='ocrx_word' id='word_1_47' title='bbox 1174 456 1240 486; x_wconf 88' lang='lat' dir='ltr'>tua</span> <span class='ocrx_word' id='word_1_48' title='bbox 1263 457 1333 494; x_wconf 88' lang='lat' dir='ltr'>est,</span> 
     </span>
     <span class='ocr_line' id='line_1_8' title="bbox 224 502 1335 553; baseline 0 -15"><span class='ocrx_word' id='word_1_49' title='bbox 224 502 265 539; x_wconf 89' lang='lat' dir='ltr'>in</span> <span class='ocrx_word' id='word_1_50' title='bbox 285 515 363 552; x_wconf 88' lang='lat' dir='ltr'>qua</span> <span class='ocrx_word' id='word_1_51' title='bbox 381 504 612 541; x_wconf 88' lang='lat' dir='ltr'>mentionem</span> <span class='ocrx_word' id='word_1_52' title='bbox 631 515 707 541; x_wconf 91' lang='lat' dir='ltr'>non</span> <span class='ocrx_word' id='word_1_53' title='bbox 726 503 874 540; x_wconf 78' lang='lat' dir='ltr'>facias?</span> <span class='ocrx_word' id='word_1_54' title='bbox 903 503 1042 553; x_wconf 85' lang='lat' dir='ltr'>Itaque</span> <span class='ocrx_word' id='word_1_55' title='bbox 1059 502 1252 548; x_wconf 75' lang='lat' dir='ltr'>irascatur,</span> <span class='ocrx_word' id='word_1_56' title='bbox 1267 502 1335 552; x_wconf 90' lang='lat' dir='ltr'>qui</span> 
     </span>
     <span class='ocr_line' id='line_1_9' title="bbox 226 555 1344 606; baseline -0.001 -13"><span class='ocrx_word' id='word_1_57' title='bbox 226 555 350 593; x_wconf 84' lang='lat' dir='ltr'>volet:</span> <span class='ocrx_word' id='word_1_58' title='bbox 382 557 532 606; x_wconf 79' lang='lat' dir='ltr'>patiar3</span> <span class='ocrx_word' id='word_1_59' title='bbox 563 572 604 593; x_wconf 85' lang='grc' dir='ltr'>το</span> <span class='ocrx_word' id='word_1_60' title='bbox 619 571 688 606; x_wconf 70' lang='grc' dir='ltr'>γαρ</span> <span class='ocrx_word' id='word_1_61' title='bbox 715 571 750 592; x_wconf 88' lang='grc' dir='ltr'>ευ</span> <span class='ocrx_word' id='word_1_62' title='bbox 776 555 863 603; x_wconf 80' lang='grc' dir='ltr'>μετ’</span> <span class='ocrx_word' id='word_1_63' title='bbox 890 570 985 602; x_wconf 83' lang='grc' dir='ltr'>εμου,</span> <span class='ocrx_word' id='word_1_64' title='bbox 1013 555 1222 606; x_wconf 56' lang='lat' dir='ltr'>praesertim</span> <span class='ocrx_word' id='word_1_65' title='bbox 1247 567 1344 592; x_wconf 86' lang='lat' dir='ltr'>cum</span> 
     </span>
     <span class='ocr_line' id='line_1_10' title="bbox 227 607 1338 660; baseline -0.001 -14"><span class='ocrx_word' id='word_1_66' title='bbox 227 621 293 646; x_wconf 77' lang='lat' dir='ltr'>sex</span> <span class='ocrx_word' id='word_1_67' title='bbox 310 608 431 656; x_wconf 87' lang='lat' dir='ltr'>libris,</span> <span class='ocrx_word' id='word_1_68' title='bbox 457 618 657 660; x_wconf 87' lang='lat' dir='ltr'><strong>tamquam</strong></span> <span class='ocrx_word' id='word_1_69' title='bbox 675 609 879 660; x_wconf 85' lang='lat' dir='ltr'>praedibus,</span> <span class='ocrx_word' id='word_1_70' title='bbox 898 620 962 645; x_wconf 91' lang='lat' dir='ltr'>me</span> <span class='ocrx_word' id='word_1_71' title='bbox 980 608 1109 659; x_wconf 90' lang='lat' dir='ltr'>ipsum</span> <span class='ocrx_word' id='word_1_72' title='bbox 1126 607 1338 646; x_wconf 84' lang='lat' dir='ltr'>obstrinxe-</span> 
     </span>
     <span class='ocr_line' id='line_1_11' title="bbox 227 660 1338 713; baseline -0.001 -14"><span class='ocrx_word' id='word_1_73' title='bbox 227 662 317 707; x_wconf 90' lang='lat' dir='ltr'>rim,</span> <span class='ocrx_word' id='word_1_74' title='bbox 347 675 442 713; x_wconf 88' lang='lat' dir='ltr'>quos</span> <span class='ocrx_word' id='word_1_75' title='bbox 461 664 532 702; x_wconf 91' lang='lat' dir='ltr'>tibi</span> <span class='ocrx_word' id='word_1_76' title='bbox 550 672 630 700; x_wconf 87' lang='lat' dir='ltr'>tam</span> <span class='ocrx_word' id='word_1_77' title='bbox 659 662 771 700; x_wconf 88' lang='lat' dir='ltr'>valde</span> <span class='ocrx_word' id='word_1_78' title='bbox 789 660 940 713; x_wconf 88' lang='lat' dir='ltr'>probari</span> <span class='ocrx_word' id='word_1_79' title='bbox 958 661 1129 712; x_wconf 80' lang='lat' dir='ltr'>gaudeo.</span> <span class='ocrx_word' id='word_1_80' title='bbox 1160 673 1181 698; x_wconf 92' lang='lat' dir='ltr'>e</span> <span class='ocrx_word' id='word_1_81' title='bbox 1198 660 1338 711; x_wconf 88' lang='lat' dir='ltr'>quibus</span> 
     </span>
     <span class='ocr_line' id='line_1_12' title="bbox 228 713 1338 768; baseline -0.002 -16"><span class='ocrx_word' id='word_1_82' title='bbox 228 727 353 752; x_wconf 89' lang='lat' dir='ltr'>unum</span> <span class='ocrx_word' id='word_1_83' title='bbox 373 718 552 765; x_wconf 70' lang='grc' dir='ltr'>ἱστορικον</span> <span class='ocrx_word' id='word_1_84' title='bbox 580 717 739 768; x_wconf 87' lang='lat' dir='ltr'>requiris</span> <span class='ocrx_word' id='word_1_85' title='bbox 765 716 811 754; x_wconf 89' lang='lat' dir='ltr'>de</span> <span class='ocrx_word' id='word_1_86' title='bbox 839 715 911 753; x_wconf 82' lang='lat' dir='ltr'>Cn.</span> <span class='ocrx_word' id='word_1_87' title='bbox 935 715 1082 762; x_wconf 82' lang='lat' dir='ltr'>Flavio,</span> <span class='ocrx_word' id='word_1_88' title='bbox 1106 713 1338 753; x_wconf 77' lang='lat' dir='ltr'>Cn.F.1]1e</span> 
     </span>
     <span class='ocr_line' id='line_1_13' title="bbox 230 766 1342 820; baseline 0 -15"><span class='ocrx_word' id='word_1_89' title='bbox 230 781 317 805; x_wconf 64' lang='lat' dir='ltr'>xero</span> <span class='ocrx_word' id='word_1_90' title='bbox 346 776 434 807; x_wconf 87' lang='lat' dir='ltr'>ante</span> <span class='ocrx_word' id='word_1_91' title='bbox 462 770 692 808; x_wconf 82' lang='lat' dir='ltr'>decemviros</span> <span class='ocrx_word' id='word_1_92' title='bbox 719 782 796 807; x_wconf 89' lang='lat' dir='ltr'>non</span> <span class='ocrx_word' id='word_1_93' title='bbox 821 769 923 814; x_wconf 85' lang='lat' dir='ltr'>fuit;</span> <span class='ocrx_word' id='word_1_94' title='bbox 963 769 1107 820; x_wconf 78' lang='lat' dir='ltr'>quippe</span> <span class='ocrx_word' id='word_1_95' title='bbox 1130 768 1199 819; x_wconf 89' lang='lat' dir='ltr'>qui</span> <span class='ocrx_word' id='word_1_96' title='bbox 1222 766 1342 805; x_wconf 80' lang='lat' dir='ltr'>aedilis</span> 
     </span>
     <span class='ocr_line' id='line_1_14' title="bbox 230 821 1351 874; baseline -0.002 -14"><span class='ocrx_word' id='word_1_97' title='bbox 230 821 372 860; x_wconf 80' lang='lat' dir='ltr'>curulis</span> <span class='ocrx_word' id='word_1_98' title='bbox 404 823 545 868; x_wconf 84' lang='lat' dir='ltr'>fuerit;</span> <span class='ocrx_word' id='word_1_99' title='bbox 585 823 653 874; x_wconf 90' lang='lat' dir='ltr'>qui</span> <span class='ocrx_word' id='word_1_100' title='bbox 679 823 922 874; x_wconf 82' lang='lat' dir='ltr'>magistratus</span> <span class='ocrx_word' id='word_1_101' title='bbox 954 823 1087 860; x_wconf 88' lang='lat' dir='ltr'>multis</span> <span class='ocrx_word' id='word_1_102' title='bbox 1117 821 1226 860; x_wconf 85' lang='lat' dir='ltr'>annis</span> <span class='ocrx_word' id='word_1_103' title='bbox 1256 827 1351 871; x_wconf 77' lang='lat' dir='ltr'>post¹</span> 
     </span>
     <span class='ocr_line' id='line_1_15' title="bbox 231 872 1352 927; baseline 0.004 -15"><span class='ocrx_word' id='word_1_104' title='bbox 231 874 463 914; x_wconf 78' lang='lat' dir='ltr'>decemviros</span> <span class='ocrx_word' id='word_1_105' title='bbox 489 877 686 915; x_wconf 88' lang='lat' dir='ltr'>institutus</span> <span class='ocrx_word' id='word_1_106' title='bbox 713 885 780 915; x_wconf 88' lang='lat' dir='ltr'>est.</span> <span class='ocrx_word' id='word_1_107' title='bbox 817 876 925 924; x_wconf 84' lang='lat' dir='ltr'>Quid</span> <span class='ocrx_word' id='word_1_108' title='bbox 944 889 1032 927; x_wconf 90' lang='lat' dir='ltr'>ergo</span> <span class='ocrx_word' id='word_1_109' title='bbox 1049 874 1220 927; x_wconf 78' lang='lat' dir='ltr'><strong>profecit,</strong></span> <span class='ocrx_word' id='word_1_110' title='bbox 1238 872 1352 925; x_wconf 60' lang='lat' dir='ltr'>quod&amp;</span> 
     </span>
     <span class='ocr_line' id='line_1_16' title="bbox 231 928 1345 989; baseline -0.001 -24"><span class='ocrx_word' id='word_1_111' title='bbox 231 928 390 989; x_wconf 88' lang='lat' dir='ltr'>protulit</span> <span class='ocrx_word' id='word_1_112' title='bbox 408 929 553 969; x_wconf 81' lang='lat' dir='ltr'>fastos?</span> <span class='ocrx_word' id='word_1_113' title='bbox 581 929 825 969; x_wconf 86' lang='lat' dir='ltr'>Occultatam</span> <span class='ocrx_word' id='word_1_114' title='bbox 838 936 976 980; x_wconf 87' lang='lat' dir='ltr'>putant</span> <span class='ocrx_word' id='word_1_115' title='bbox 993 929 1158 981; x_wconf 85' lang='lat' dir='ltr'>quodam</span> <span class='ocrx_word' id='word_1_116' title='bbox 1175 934 1345 978; x_wconf 85' lang='lat' dir='ltr'>tempore</span> 
     </span>
     <span class='ocr_line' id='line_1_17' title="bbox 231 980 1341 1035; baseline -0.001 -16"><span class='ocrx_word' id='word_1_117' title='bbox 231 982 346 1020; x_wconf 79' lang='lat' dir='ltr'>istam</span> <span class='ocrx_word' id='word_1_118' title='bbox 365 983 550 1033; x_wconf 88' lang='lat' dir='ltr'>tabulam,</span> <span class='ocrx_word' id='word_1_119' title='bbox 577 991 622 1022; x_wconf 86' lang='lat' dir='ltr'>ut</span> <span class='ocrx_word' id='word_1_120' title='bbox 648 984 726 1022; x_wconf 62' lang='lat' dir='ltr'>dies</span> <span class='ocrx_word' id='word_1_121' title='bbox 753 983 891 1035; x_wconf 89' lang='lat' dir='ltr'>agendi</span> <span class='ocrx_word' id='word_1_122' title='bbox 916 990 1132 1034; x_wconf 84' lang='lat' dir='ltr'>peterentur</span> <span class='ocrx_word' id='word_1_123' title='bbox 1158 995 1182 1020; x_wconf 92' lang='lat' dir='ltr'>a</span> <span class='ocrx_word' id='word_1_124' title='bbox 1198 980 1341 1032; x_wconf 82' lang='lat' dir='ltr'>paucis.</span> 
     </span>
     <span class='ocr_line' id='line_1_18' title="bbox 231 1034 1344 1089; baseline -0.002 -16"><span class='ocrx_word' id='word_1_125' title='bbox 231 1035 317 1074; x_wconf 88' lang='lat' dir='ltr'>Nec</span> <span class='ocrx_word' id='word_1_126' title='bbox 335 1049 421 1075; x_wconf 90' lang='lat' dir='ltr'>vero</span> <span class='ocrx_word' id='word_1_127' title='bbox 448 1038 560 1089; x_wconf 88' lang='lat' dir='ltr'>pauci</span> <span class='ocrx_word' id='word_1_128' title='bbox 578 1046 668 1076; x_wconf 87' lang='lat' dir='ltr'>sunt</span> <span class='ocrx_word' id='word_1_129' title='bbox 685 1045 868 1084; x_wconf 82' lang='lat' dir='ltr'>auctores,</span> <span class='ocrx_word' id='word_1_130' title='bbox 890 1035 965 1076; x_wconf 85' lang='lat' dir='ltr'>Cn.</span> <span class='ocrx_word' id='word_1_131' title='bbox 985 1036 1164 1074; x_wconf 87' lang='lat' dir='ltr'>Flavium</span> <span class='ocrx_word' id='word_1_132' title='bbox 1182 1034 1344 1073; x_wconf 88' lang='lat' dir='ltr'>scribam</span> 
     </span>
     <span class='ocr_line' id='line_1_19' title="bbox 230 1088 1355 1152; baseline -0.001 -26"><span class='ocrx_word' id='word_1_133' title='bbox 230 1088 346 1128; x_wconf 78' lang='lat' dir='ltr'>fastos</span> <span class='ocrx_word' id='word_1_134' title='bbox 377 1092 592 1152; x_wconf 77' lang='lat' dir='ltr'>protulisse,</span> <span class='ocrx_word' id='word_1_135' title='bbox 623 1092 864 1142; x_wconf 83' lang='lat' dir='ltr'>actionesque</span> <span class='ocrx_word' id='word_1_136' title='bbox 894 1090 1125 1150; x_wconf 82' lang='lat' dir='ltr'>composuiss</span> <span class='ocrx_word' id='word_1_137' title='bbox 1128 1102 1175 1127; x_wconf 89' lang='lat' dir='ltr'>e·</span> <span class='ocrx_word' id='word_1_138' title='bbox 1209 1100 1258 1126; x_wconf 88' lang='lat' dir='ltr'>ne</span> <span class='ocrx_word' id='word_1_139' title='bbox 1280 1099 1355 1125; x_wconf 90' lang='lat' dir='ltr'>me·</span> 
     </span>
     <span class='ocr_line' id='line_1_20' title="bbox 233 1142 1356 1195; baseline -0.002 -14"><span class='ocrx_word' id='word_1_140' title='bbox 233 1142 320 1190; x_wconf 90' lang='lat' dir='ltr'>hoe,</span> <span class='ocrx_word' id='word_1_141' title='bbox 345 1144 406 1182; x_wconf 86' lang='lat' dir='ltr'>vel</span> <span class='ocrx_word' id='word_1_142' title='bbox 433 1145 560 1195; x_wconf 90' lang='lat' dir='ltr'>potius</span> <span class='ocrx_word' id='word_1_143' title='bbox 578 1146 820 1192; x_wconf 86' lang='lat' dir='ltr'>Africanum,</span> <span class='ocrx_word' id='word_1_144' title='bbox 840 1144 890 1188; x_wconf 84' lang='lat' dir='ltr'>(is</span> <span class='ocrx_word' id='word_1_145' title='bbox 908 1144 1011 1183; x_wconf 89' lang='lat' dir='ltr'>enim</span> <span class='ocrx_word' id='word_1_146' title='bbox 1034 1143 1220 1194; x_wconf 90' lang='lat' dir='ltr'>loquitur)</span> <span class='ocrx_word' id='word_1_147' title='bbox 1239 1153 1356 1180; x_wconf 72' lang='lat' dir='ltr'>eom-v</span> 
     </span>
     <span class='ocr_line' id='line_1_21' title="bbox 237 1204 554 1248; baseline 0.01 -15"><span class='ocrx_word' id='word_1_148' title='bbox 237 1204 412 1234; x_wconf 86' lang='lat' dir='ltr'>mentum</span> <span class='ocrx_word' id='word_1_149' title='bbox 431 1206 554 1248; x_wconf 86' lang='lat' dir='ltr'>putes.</span> 
     </span>
    </p>

    <p class='ocr_par' dir='ltr' id='par_1_5' title="bbox 238 1247 1351 1354">
     <span class='ocr_line' id='line_1_22' title="bbox 293 1247 1351 1302; baseline 0 -16"><span class='ocrx_word' id='word_1_150' title='bbox 293 1256 365 1286; x_wconf 81' lang='grc' dir='ltr'>Ουκ</span> <span class='ocrx_word' id='word_1_151' title='bbox 388 1258 432 1286; x_wconf 78' lang='grc' dir='ltr'>ε)</span> <span class='ocrx_word' id='word_1_152' title='bbox 436 1253 500 1287; x_wconf 63' lang='lat' dir='ltr'>aits</span> <span class='ocrx_word' id='word_1_153' title='bbox 523 1266 564 1288; x_wconf 86' lang='grc' dir='ltr'>σε</span> <span class='ocrx_word' id='word_1_154' title='bbox 583 1251 681 1289; x_wconf 83' lang='lat' dir='ltr'>illud</span> <span class='ocrx_word' id='word_1_155' title='bbox 699 1252 747 1289; x_wconf 82' lang='lat' dir='ltr'>de</span> <span class='ocrx_word' id='word_1_156' title='bbox 763 1259 871 1302; x_wconf 81' lang='lat' dir='ltr'>gestu</span> <span class='ocrx_word' id='word_1_157' title='bbox 890 1250 1106 1296; x_wconf 74' lang='lat' dir='ltr'>histrioniS3</span> <span class='ocrx_word' id='word_1_158' title='bbox 1135 1256 1179 1288; x_wconf 85' lang='lat' dir='ltr'>tu</span> <span class='ocrx_word' id='word_1_159' title='bbox 1196 1247 1351 1287; x_wconf 53' lang='lat' dir='ltr'>sceleste</span> 
     </span>
     <span class='ocr_line' id='line_1_23' title="bbox 238 1303 893 1354; baseline 0.003 -14"><span class='ocrx_word' id='word_1_160' title='bbox 238 1303 468 1353; x_wconf 83' lang='lat' dir='ltr'>suspicaris;</span> <span class='ocrx_word' id='word_1_161' title='bbox 497 1316 567 1353; x_wconf 85' lang='lat' dir='ltr'>ego</span> <span class='ocrx_word' id='word_1_162' title='bbox 587 1313 734 1354; x_wconf 62' lang='grc' dir='ltr'>αφελως</span> <span class='ocrx_word' id='word_1_163' title='bbox 752 1304 893 1354; x_wconf 85' lang='lat' dir='ltr'>scripsi.</span> 
     </span>
    </p>

    <p class='ocr_par' dir='ltr' id='par_1_6' title="bbox 237 1353 1352 1674">
     <span class='ocr_line' id='line_1_24' title="bbox 291 1353 1350 1408; baseline -0.002 -14"><span class='ocrx_word' id='word_1_164' title='bbox 291 1356 354 1394; x_wconf 92' lang='lat' dir='ltr'>De</span> <span class='ocrx_word' id='word_1_165' title='bbox 381 1369 443 1394; x_wconf 91' lang='lat' dir='ltr'>me</span> <span class='ocrx_word' id='word_1_166' title='bbox 467 1357 692 1408; x_wconf 86' lang='lat' dir='ltr'>imperatore</span> <span class='ocrx_word' id='word_1_167' title='bbox 719 1357 848 1395; x_wconf 87' lang='lat' dir='ltr'>scribis</span> <span class='ocrx_word' id='word_1_168' title='bbox 875 1364 912 1394; x_wconf 88' lang='lat' dir='ltr'>te</span> <span class='ocrx_word' id='word_1_169' title='bbox 938 1369 986 1394; x_wconf 84' lang='lat' dir='ltr'>ex</span> <span class='ocrx_word' id='word_1_170' title='bbox 1006 1355 1205 1394; x_wconf 82' lang='lat' dir='ltr'>Philotimi</span> <span class='ocrx_word' id='word_1_171' title='bbox 1229 1353 1350 1393; x_wconf 87' lang='lat' dir='ltr'>literis</span> 
     </span>
     <span class='ocr_line' id='line_1_25' title="bbox 237 1407 1350 1470; baseline -0.002 -22"><span class='ocrx_word' id='word_1_172' title='bbox 237 1412 430 1460; x_wconf 79' lang='lat' dir='ltr'>cognosse.</span> <span class='ocrx_word' id='word_1_173' title='bbox 460 1410 536 1448; x_wconf 90' lang='lat' dir='ltr'>Sed</span> <span class='ocrx_word' id='word_1_174' title='bbox 554 1410 663 1448; x_wconf 84' lang='lat' dir='ltr'>credo</span> <span class='ocrx_word' id='word_1_175' title='bbox 681 1417 732 1457; x_wconf 81' lang='lat' dir='ltr'>te,</span> <span class='ocrx_word' id='word_1_176' title='bbox 748 1412 832 1459; x_wconf 88' lang='lat' dir='ltr'>jam</span> <span class='ocrx_word' id='word_1_177' title='bbox 849 1409 890 1447; x_wconf 89' lang='lat' dir='ltr'>in</span> <span class='ocrx_word' id='word_1_178' title='bbox 907 1409 1030 1470; x_wconf 89' lang='lat' dir='ltr'>Epiro</span> <span class='ocrx_word' id='word_1_179' title='bbox 1053 1422 1142 1447; x_wconf 84' lang='lat' dir='ltr'>cum</span> <span class='ocrx_word' id='word_1_180' title='bbox 1160 1421 1271 1455; x_wconf 54' lang='lat' dir='ltr'>esses,</span> <span class='ocrx_word' id='word_1_181' title='bbox 1290 1407 1350 1446; x_wconf 75' lang='lat' dir='ltr'>bi-</span> 
     </span>
     <span class='ocr_line' id='line_1_26' title="bbox 239 1460 1352 1514; baseline -0.002 -14"><span class='ocrx_word' id='word_1_182' title='bbox 239 1475 308 1500; x_wconf 81' lang='lat' dir='ltr'>nas</span> <span class='ocrx_word' id='word_1_183' title='bbox 322 1476 425 1502; x_wconf 89' lang='lat' dir='ltr'>meas</span> <span class='ocrx_word' id='word_1_184' title='bbox 443 1463 491 1502; x_wconf 86' lang='lat' dir='ltr'>de</span> <span class='ocrx_word' id='word_1_185' title='bbox 505 1464 682 1501; x_wconf 91' lang='lat' dir='ltr'>omnibus</span> <span class='ocrx_word' id='word_1_186' title='bbox 700 1466 812 1501; x_wconf 89' lang='lat' dir='ltr'>rebus</span> <span class='ocrx_word' id='word_1_187' title='bbox 829 1464 1030 1514; x_wconf 85' lang='lat' dir='ltr'>accepisse,</span> <span class='ocrx_word' id='word_1_188' title='bbox 1055 1475 1151 1500; x_wconf 89' lang='lat' dir='ltr'>unas</span> <span class='ocrx_word' id='word_1_189' title='bbox 1167 1475 1190 1500; x_wconf 90' lang='lat' dir='ltr'>a</span> <span class='ocrx_word' id='word_1_190' title='bbox 1209 1460 1352 1499; x_wconf 87' lang='lat' dir='ltr'>Pinde-</span> 
     </span>
     <span class='ocr_line' id='line_1_27' title="bbox 240 1513 1350 1568; baseline -0.002 -14"><span class='ocrx_word' id='word_1_191' title='bbox 240 1517 341 1554; x_wconf 85' lang='lat' dir='ltr'>nisso</span> <span class='ocrx_word' id='word_1_192' title='bbox 359 1525 483 1568; x_wconf 84' lang='lat' dir='ltr'>capto,</span> <span class='ocrx_word' id='word_1_193' title='bbox 503 1517 637 1555; x_wconf 83' lang='lat' dir='ltr'>alteras</span> <span class='ocrx_word' id='word_1_194' title='bbox 656 1530 679 1555; x_wconf 91' lang='lat' dir='ltr'>a</span> <span class='ocrx_word' id='word_1_195' title='bbox 697 1517 900 1563; x_wconf 68' lang='lat' dir='ltr'>Laodicea,</span> <span class='ocrx_word' id='word_1_196' title='bbox 925 1523 1106 1567; x_wconf 89' lang='lat' dir='ltr'>utrasque</span> <span class='ocrx_word' id='word_1_197' title='bbox 1131 1515 1207 1554; x_wconf 89' lang='lat' dir='ltr'>tuis</span> <span class='ocrx_word' id='word_1_198' title='bbox 1223 1513 1350 1566; x_wconf 88' lang='lat' dir='ltr'>pueris</span> 
     </span>
     <span class='ocr_line' id='line_1_28' title="bbox 242 1566 1352 1631; baseline -0.001 -24"><span class='ocrx_word' id='word_1_199' title='bbox 242 1570 374 1608; x_wconf 89' lang='lat' dir='ltr'>datas:</span> <span class='ocrx_word' id='word_1_200' title='bbox 416 1571 556 1622; x_wconf 91' lang='lat' dir='ltr'>quibus</span> <span class='ocrx_word' id='word_1_201' title='bbox 574 1570 621 1608; x_wconf 83' lang='lat' dir='ltr'>de</span> <span class='ocrx_word' id='word_1_202' title='bbox 645 1572 770 1631; x_wconf 74' lang='lat' dir='ltr'>rebus,</span> <span class='ocrx_word' id='word_1_203' title='bbox 797 1578 949 1621; x_wconf 76' lang='lat' dir='ltr'>propter</span> <span class='ocrx_word' id='word_1_204' title='bbox 973 1582 1108 1608; x_wconf 81' lang='lat' dir='ltr'>casum</span> <span class='ocrx_word' id='word_1_205' title='bbox 1131 1566 1352 1619; x_wconf 83' lang='lat' dir='ltr'>navigandi,</span> 
     </span>
     <span class='ocr_line' id='line_1_29' title="bbox 240 1622 1280 1674; baseline -0.003 -12"><span class='ocrx_word' id='word_1_206' title='bbox 240 1636 308 1674; x_wconf 86' lang='lat' dir='ltr'>per</span> <span class='ocrx_word' id='word_1_207' title='bbox 326 1624 433 1662; x_wconf 89' lang='lat' dir='ltr'>binos</span> <span class='ocrx_word' id='word_1_208' title='bbox 451 1624 663 1662; x_wconf 87' lang='lat' dir='ltr'>tabellarios</span> <span class='ocrx_word' id='word_1_209' title='bbox 681 1624 769 1661; x_wconf 84' lang='lat' dir='ltr'>misi</span> <span class='ocrx_word' id='word_1_210' title='bbox 786 1625 956 1661; x_wconf 85' lang='lat' dir='ltr'>Romam</span> <span class='ocrx_word' id='word_1_211' title='bbox 972 1623 1100 1661; x_wconf 86' lang='lat' dir='ltr'>literas</span> <span class='ocrx_word' id='word_1_212' title='bbox 1117 1622 1280 1674; x_wconf 75' lang='lat' dir='ltr'>publice·</span> 
     </span>
    </p>

    <p class='ocr_par' dir='ltr' id='par_1_7' title="bbox 241 1675 1358 2157">
     <span class='ocr_line' id='line_1_30' title="bbox 295 1675 1350 1736; baseline -0.004 -21"><span class='ocrx_word' id='word_1_213' title='bbox 295 1677 358 1715; x_wconf 92' lang='lat' dir='ltr'>De</span> <span class='ocrx_word' id='word_1_214' title='bbox 375 1677 510 1715; x_wconf 83' lang='lat' dir='ltr'>Tullia</span> <span class='ocrx_word' id='word_1_215' title='bbox 530 1678 617 1716; x_wconf 60' lang='lat' dir='ltr'>mea</span> <span class='ocrx_word' id='word_1_216' title='bbox 635 1677 705 1716; x_wconf 87' lang='lat' dir='ltr'>tibi</span> <span class='ocrx_word' id='word_1_217' title='bbox 723 1677 930 1724; x_wconf 79' lang='lat' dir='ltr'>assenti013</span> <span class='ocrx_word' id='word_1_218' title='bbox 961 1676 1165 1728; x_wconf 85' lang='lat' dir='ltr'>scripsique</span> <span class='ocrx_word' id='word_1_219' title='bbox 1183 1675 1232 1713; x_wconf 84' lang='lat' dir='ltr'>ad</span> <span class='ocrx_word' id='word_1_220' title='bbox 1249 1686 1350 1736; x_wconf 81' lang='lat' dir='ltr'>eam,</span> 
     </span>
     <span class='ocr_line' id='line_1_31' title="bbox 241 1728 1353 1781; baseline -0.003 -12"><span class='ocrx_word' id='word_1_221' title='bbox 241 1738 278 1768; x_wconf 87' lang='lat' dir='ltr'>et</span> <span class='ocrx_word' id='word_1_222' title='bbox 296 1730 344 1768; x_wconf 86' lang='lat' dir='ltr'>ad</span> <span class='ocrx_word' id='word_1_223' title='bbox 365 1731 599 1779; x_wconf 79' lang='lat' dir='ltr'>Terentiam,</span> <span class='ocrx_word' id='word_1_224' title='bbox 620 1731 716 1769; x_wconf 89' lang='lat' dir='ltr'>mihi</span> <span class='ocrx_word' id='word_1_225' title='bbox 734 1731 903 1781; x_wconf 81' lang='lat' dir='ltr'>placere.</span> <span class='ocrx_word' id='word_1_226' title='bbox 935 1737 978 1768; x_wconf 89' lang='lat' dir='ltr'>tu</span> <span class='ocrx_word' id='word_1_227' title='bbox 1006 1730 1109 1768; x_wconf 88' lang='lat' dir='ltr'>enim</span> <span class='ocrx_word' id='word_1_228' title='bbox 1127 1728 1177 1767; x_wconf 80' lang='lat' dir='ltr'>ad.</span> <span class='ocrx_word' id='word_1_229' title='bbox 1194 1741 1256 1766; x_wconf 91' lang='lat' dir='ltr'>me</span> <span class='ocrx_word' id='word_1_230' title='bbox 1269 1729 1353 1777; x_wconf 82' lang='lat' dir='ltr'>jam</span> 
     </span>
     <span class='ocr_line' id='line_1_32' title="bbox 244 1784 1354 1845; baseline -0.003 -24"><span class='ocrx_word' id='word_1_231' title='bbox 244 1792 331 1822; x_wconf 84' lang='lat' dir='ltr'>ante</span> <span class='ocrx_word' id='word_1_232' title='bbox 350 1785 559 1835; x_wconf 85' lang='lat' dir='ltr'>scripseras,</span> <span class='ocrx_word' id='word_1_233' title='bbox 583 1787 610 1807; x_wconf 66' lang='lat'>‘⁶</span> <span class='ocrx_word' id='word_1_234' title='bbox 626 1798 669 1823; x_wconf 87' lang='lat' dir='ltr'>ac</span> <span class='ocrx_word' id='word_1_235' title='bbox 688 1784 824 1823; x_wconf 88' lang='lat' dir='ltr'>vellem</span> <span class='ocrx_word' id='word_1_236' title='bbox 843 1792 879 1822; x_wconf 85' lang='lat' dir='ltr'>te</span> <span class='ocrx_word' id='word_1_237' title='bbox 897 1784 937 1821; x_wconf 90' lang='grc' dir='ltr'>ιιι</span> <span class='ocrx_word' id='word_1_238' title='bbox 957 1792 1070 1822; x_wconf 89' lang='lat' dir='ltr'>tuum</span> <span class='ocrx_word' id='word_1_239' title='bbox 1087 1791 1251 1821; x_wconf 89' lang='lat' dir='ltr'>veterem</span> <span class='ocrx_word' id='word_1_240' title='bbox 1267 1793 1354 1845; x_wconf 86' lang='lat' dir='ltr'>gre-</span> 
     </span>
     <span class='ocr_line' id='line_1_33' title="bbox 241 1832 1354 1889; baseline -0.003 -15"><span class='ocrx_word' id='word_1_241' title='bbox 241 1850 329 1887; x_wconf 89' lang='lat' dir='ltr'>gem</span> <span class='ocrx_word' id='word_1_242' title='bbox 349 1839 578 1877; x_wconf 51' lang='lat' dir='ltr'>retuhffiaefi</span> <span class='ocrx_word' id='word_1_243' title='bbox 610 1837 788 1878; x_wconf 75' lang='lat' dir='ltr'>Coi-recta</span> <span class='ocrx_word' id='word_1_244' title='bbox 806 1850 893 1875; x_wconf 88' lang='lat' dir='ltr'>vero</span> <span class='ocrx_word' id='word_1_245' title='bbox 919 1837 1077 1889; x_wconf 85' lang='lat' dir='ltr'>epistola</span> <span class='ocrx_word' id='word_1_246' title='bbox 1095 1832 1354 1883; x_wconf 86' lang='lat' dir='ltr'>Memmiana,</span> 
     </span>
     <span class='ocr_line' id='line_1_34' title="bbox 242 1888 1353 1942; baseline -0.003 -14"><span class='ocrx_word' id='word_1_247' title='bbox 242 1890 339 1928; x_wconf 90' lang='lat' dir='ltr'>nihil</span> <span class='ocrx_word' id='word_1_248' title='bbox 366 1892 507 1942; x_wconf 86' lang='lat' dir='ltr'>negotii</span> <span class='ocrx_word' id='word_1_249' title='bbox 533 1891 632 1930; x_wconf 88' lang='lat' dir='ltr'>fuit:</span> <span class='ocrx_word' id='word_1_250' title='bbox 662 1891 785 1929; x_wconf 84' lang='lat' dir='ltr'>multo</span> <span class='ocrx_word' id='word_1_251' title='bbox 812 1890 914 1928; x_wconf 88' lang='lat' dir='ltr'>enim</span> <span class='ocrx_word' id='word_1_252' title='bbox 939 1890 1042 1929; x_wconf 82' lang='lat' dir='ltr'>malo</span> <span class='ocrx_word' id='word_1_253' title='bbox 1069 1890 1172 1927; x_wconf 86' lang='lat' dir='ltr'>hunc</span> <span class='ocrx_word' id='word_1_254' title='bbox 1199 1901 1224 1926; x_wconf 89' lang='lat' dir='ltr'>a</span> <span class='ocrx_word' id='word_1_255' title='bbox 1249 1888 1353 1926; x_wconf 90' lang='lat' dir='ltr'>Pon-</span> 
     </span>
     <span class='ocr_line' id='line_1_35' title="bbox 242 1940 1352 1995; baseline -0.001 -14"><span class='ocrx_word' id='word_1_256' title='bbox 242 1944 350 1990; x_wconf 86' lang='lat' dir='ltr'>tidia,</span> <span class='ocrx_word' id='word_1_257' title='bbox 379 1958 497 1995; x_wconf 89' lang='lat' dir='ltr'>quam</span> <span class='ocrx_word' id='word_1_258' title='bbox 515 1945 627 1983; x_wconf 87' lang='lat' dir='ltr'>illum</span> <span class='ocrx_word' id='word_1_259' title='bbox 652 1958 676 1983; x_wconf 87' lang='lat' dir='ltr'>a</span> <span class='ocrx_word' id='word_1_260' title='bbox 694 1944 863 1984; x_wconf 77' lang='lat' dir='ltr'>Servilia.</span> <span class='ocrx_word' id='word_1_261' title='bbox 898 1943 1042 1991; x_wconf 85' lang='lat' dir='ltr'>Quare,</span> <span class='ocrx_word' id='word_1_262' title='bbox 1061 1943 1245 1992; x_wconf 63' lang='lat' dir='ltr'>adjunges</span> <span class='ocrx_word' id='word_1_263' title='bbox 1262 1940 1352 1978; x_wconf 91' lang='lat' dir='ltr'>Au-</span> 
     </span>
     <span class='ocr_line' id='line_1_36' title="bbox 243 1994 1352 2049; baseline -0.003 -15"><span class='ocrx_word' id='word_1_264' title='bbox 243 1996 341 2035; x_wconf 88' lang='lat' dir='ltr'>fium</span> <span class='ocrx_word' id='word_1_265' title='bbox 377 2008 564 2047; x_wconf 87' lang='lat' dir='ltr'>nostrum,</span> <span class='ocrx_word' id='word_1_266' title='bbox 603 1999 799 2037; x_wconf 90' lang='lat' dir='ltr'>hominem</span> <span class='ocrx_word' id='word_1_267' title='bbox 835 2010 983 2049; x_wconf 89' lang='lat' dir='ltr'>semper</span> <span class='ocrx_word' id='word_1_268' title='bbox 1019 2003 1211 2035; x_wconf 87' lang='lat' dir='ltr'>amantem</span> <span class='ocrx_word' id='word_1_269' title='bbox 1246 1994 1352 2039; x_wconf 87' lang='lat' dir='ltr'>mei;</span> 
     </span>
     <span class='ocr_line' id='line_1_37' title="bbox 244 2047 1355 2103; baseline -0.002 -16"><span class='ocrx_word' id='word_1_270' title='bbox 244 2062 347 2088; x_wconf 87' lang='lat' dir='ltr'>nunc</span> <span class='ocrx_word' id='word_1_271' title='bbox 379 2051 523 2101; x_wconf 85' lang='lat' dir='ltr'>(credo)</span> <span class='ocrx_word' id='word_1_272' title='bbox 559 2065 602 2090; x_wconf 90' lang='lat' dir='ltr'>eo</span> <span class='ocrx_word' id='word_1_273' title='bbox 631 2052 767 2103; x_wconf 80' lang='lat' dir='ltr'>magis,</span> <span class='ocrx_word' id='word_1_274' title='bbox 797 2050 903 2102; x_wconf 86' lang='lat' dir='ltr'>quod</span> <span class='ocrx_word' id='word_1_275' title='bbox 938 2051 1050 2089; x_wconf 89' lang='lat' dir='ltr'>debet</span> <span class='ocrx_word' id='word_1_276' title='bbox 1084 2049 1199 2088; x_wconf 83' lang='lat' dir='ltr'>etiam</span> <span class='ocrx_word' id='word_1_277' title='bbox 1229 2047 1355 2085; x_wconf 80' lang='lat' dir='ltr'>fratris</span> 
     </span>
     <span class='ocr_line' id='line_1_38' title="bbox 247 2100 1358 2157; baseline -0.001 -16.99"><span class='ocrx_word' id='word_1_278' title='bbox 247 2103 367 2154; x_wconf 81' lang='lat' dir='ltr'>Appii</span> <span class='ocrx_word' id='word_1_279' title='bbox 403 2118 572 2145; x_wconf 86' lang='lat' dir='ltr'>amorem</span> <span class='ocrx_word' id='word_1_280' title='bbox 609 2118 699 2157; x_wconf 89' lang='lat' dir='ltr'>erga</span> <span class='ocrx_word' id='word_1_281' title='bbox 733 2118 797 2143; x_wconf 88' lang='lat' dir='ltr'>me</span> <span class='ocrx_word' id='word_1_282' title='bbox 839 2117 928 2144; x_wconf 85' lang='lat' dir='ltr'>cum</span> <span class='ocrx_word' id='word_1_283' title='bbox 961 2103 1108 2155; x_wconf 80' lang='lat' dir='ltr'>reliqua</span> <span class='ocrx_word' id='word_1_284' title='bbox 1142 2100 1358 2141; x_wconf 77' lang='lat' dir='ltr'>haereditate</span> 
     </span>
    </p>
   </div>
  </div>
 </body>
</html>
