1513 2382
198 129 243 167 18
353 125 436 164 AD
457 120 753 163 DIVERSOS.
782 121 882 160 LIB.
903 117 1027 160 X111.
1058 119 1122 159 16.

239 237 256 279 (
273 231 355 284 16.)
381 231 444 271 Μ.
458 232 510 271 Τ.
526 232 573 271 C.
603 231 649 270 C.
665 228 907 278 CAESARI,
936 227 1061 267 IMP.
1087 227 1129 266 S.
1142 224 1190 265 P.
1204 225 1258 265 D.

250 333 576 386 (Argumentum.
601 354 655 362 —-
671 332 942 384 Apollonium,
969 331 1016 369 P.
1042 327 1170 368 Crassi
1192 326 1308 365 liber-

195 397 294 437 tum,
306 388 449 426 Caesari
461 389 502 426 in
516 387 707 438 Hispania
719 393 849 425 contra
863 384 1040 437 Pompeii
1053 383 1151 422 filios
1160 382 1309 422 bellum

194 442 354 494 gerenti,
375 440 649 490 commendat.)

251 550 439 588 Publium
468 550 650 589 Crassum
672 561 720 587 ex
746 548 852 586 omni
878 546 1076 585 nobilitate
1096 545 1311 584 adolescen-

198 613 278 643 tem
296 604 413 642 dilexi
431 603 644 655 plurimum
661 618 671 641 ε
703 610 740 640 et
758 602 805 640 de
823 615 866 640 eo
884 614 974 640 cum
992 602 1040 639 ab
1058 600 1215 638 ineunte
1228 599 1312 648 ejus

198 666 308 697 aetate
325 660 422 696 bene
441 657 700 708 speravissem,
715 663 800 694 tum
814 669 882 708 per
894 668 957 693 me
972 654 1188 692 existimare
1201 652 1310 704 coepi,

198 712 245 750 iis
259 711 426 762 judiciis,
447 724 534 762 quae
552 710 599 748 de
618 723 661 749 eo
679 710 856 758 feceram,
882 708 1053 760 cognitis.
1080 709 1180 758 Ejus
1197 707 1313 744 liber-

202 773 301 813 tum,
320 765 590 816 Apollonium,
607 766 690 813 jam
709 771 794 802 tum
813 763 990 815 equidem
1022 775 1111 800 cum
1129 762 1194 799 ille
1211 761 1314 799 vive-

201 827 272 867 ret,
293 827 329 857 et
347 818 479 869 magni
507 817 708 865 faciebam,
735 823 772 856 et
789 818 1012 868 probabam.
1040 815 1138 853 Erat
1155 814 1258 853 enim
1277 821 1315 852 et

202 873 392 912 studiosus
412 871 552 920 Crassi,
574 879 610 909 et
639 871 688 909 ad
706 871 788 921 ejus
805 871 951 922 optima
969 868 1095 908 studia
1112 869 1315 908 vehemen-

202 934 259 965 ter
284 934 407 978 aptus.
439 925 576 976 Itaque
595 927 642 963 ab
662 938 705 963 eo
724 925 933 963 admodum
951 923 1192 974 diligebatur.
1221 922 1316 960 Post

202 988 366 1019 mortem
396 987 525 1019 autem
555 979 696 1028 Crassi,
717 992 761 1018 eo
778 979 877 1018 mihi
906 978 1021 1016 etiam
1046 976 1197 1028 dignior
1213 976 1316 1015 visus

203 1042 272 1083 est,
293 1047 408 1086 quem
436 1034 477 1072 in
509 1033 625 1071 fidem
655 1041 770 1084 atque
797 1032 1005 1071 amicitiam
1023 1043 1152 1070 meam
1176 1031 1318 1081 recipe-

204 1101 300 1136 rem,
321 1088 425 1139 quod
451 1100 513 1126 eos
539 1101 561 1124 a
591 1100 629 1125 se
654 1086 908 1125 observandos
934 1093 972 1124 et
1001 1084 1176 1124 colendos
1204 1091 1319 1136 puta-
1374 1104 1379 1110 ·

204 1144 285 1190 bat,
307 1155 402 1194 quos
419 1142 485 1180 ille
503 1141 707 1188 dilexisset,
729 1148 765 1178 et
784 1140 925 1192 quibus
944 1151 1054 1178 carus
1071 1138 1216 1177 fuisset.

258 1195 396 1247 Itaque
421 1203 458 1234 et
487 1195 537 1233 ad
554 1208 617 1233 me
634 1195 675 1232 in
702 1194 876 1233 Ciliciam
895 1194 1022 1239 venit;
1051 1193 1261 1244 multisque
1277 1192 1319 1229 in

203 1251 317 1288 rebus
335 1249 432 1287 mihi
449 1262 590 1300 magno
610 1249 695 1286 usui
713 1248 788 1286 fuit
807 1255 844 1287 et
862 1248 954 1286 fides
980 1249 1076 1297 ejus,
1097 1253 1135 1285 et
1151 1246 1320 1298 pruden-

205 1303 282 1342 tia:
313 1312 364 1351 et,
395 1311 439 1341 ut
456 1303 602 1354 opinor,
630 1303 700 1340 tibi
718 1302 757 1340 in
776 1301 1043 1340 Alexandrino
1061 1301 1175 1350 bello,
1195 1313 1320 1352 quan-

203 1364 290 1396 tum
309 1357 435 1396 studio
465 1366 502 1395 et
531 1357 712 1395 fidelitate
730 1356 909 1407 consequi
926 1356 1066 1407 potuit,
1086 1367 1164 1393 non
1185 1354 1320 1393 defuit.

204 1411 323 1460 Quod
342 1424 430 1450 cum
450 1418 614 1462 speraret
632 1418 669 1449 te
688 1424 842 1462 quoque
855 1411 908 1448 ita
923 1409 1152 1458 existimare,
1165 1409 1206 1447 in
1225 1409 1322 1447 His-

204 1466 361 1517 paniam
379 1465 427 1503 ad
446 1473 496 1512 te,
523 1464 692 1502 maxime
709 1465 773 1502 ille
798 1463 954 1515 quidem
973 1476 1041 1502 suo
1059 1463 1228 1511 consilio,
1255 1462 1324 1501 sed

207 1519 321 1557 etiam
341 1532 405 1557 me
429 1526 594 1566 auctore,
615 1525 671 1556 est
699 1518 901 1569 profectus·
931 1517 1010 1556 Cui
1029 1530 1098 1569 ego
1126 1530 1323 1556 commen-

205 1572 401 1611 dationem
429 1585 509 1611 non
525 1585 611 1611 sum
629 1572 834 1624 pollicitus,
859 1585 936 1610 non
955 1571 1050 1623 quin
1069 1584 1154 1610 eam
1183 1568 1325 1610 valitu2?

207 1640 290 1665 ram
310 1627 414 1679 apud
432 1634 469 1665 te
487 1627 686 1665 arbitrarer
702 1642 712 1664 ε
745 1626 810 1665 sed
828 1634 957 1677 neque
976 1625 1074 1663 mihi
1091 1638 1201 1677 egere
1219 1637 1325 1663 com-

207 1681 450 1719 mendatione
468 1680 679 1727 videbatur,
701 1680 769 1731 qui
794 1687 831 1718 et
847 1680 889 1717 in
910 1680 1011 1718 bello
1030 1686 1157 1718 tecum
1173 1679 1322 1727 fuisset,

209 1742 260 1781 et,
281 1742 434 1786 propter
452 1734 677 1772 memoriam
693 1734 832 1780 Crassi,
853 1734 900 1772 de
918 1734 995 1772 tuis
1013 1747 1114 1772 unus
1133 1741 1248 1779 esset3
1270 1740 1322 1781 et,

208 1788 240 1827 si
258 1789 316 1825 uti
335 1787 728 1827 commendationibus
753 1788 880 1836 vellet,
901 1788 1017 1825 etiam
1035 1801 1102 1839 per
1120 1788 1213 1826 alios
1233 1800 1323 1825 eum

206 1842 386 1881 videbam
405 1842 445 1880 id
469 1842 648 1893 consequi
665 1855 784 1893 posse.
813 1841 1099 1880 Testimonium
1116 1841 1195 1880 mei
1212 1841 1260 1879 de
1278 1853 1325 1879 eo

205 1895 355 1946 judicii,
385 1896 489 1948 quod
514 1902 551 1934 et
575 1896 655 1946 ipse
673 1895 805 1947 magni
829 1896 1055 1943 aestimabat,
1075 1902 1113 1934 et
1131 1908 1201 1947 ego
1219 1895 1324 1947 apud

208 1957 247 1988 te
266 1950 388 1989 valere
408 1963 511 1988 eram
531 1956 719 2001 expertus,
741 1950 776 1988 ei
792 1950 953 1988 libenter
971 1949 1070 1988 dedi.

264 2003 438 2042 Doctum
467 2003 584 2055 igitur
606 2004 801 2042 hominem
827 2004 999 2055 cognovi,
1020 2010 1058 2042 et
1075 2003 1208 2042 studiis
1226 2004 1326 2056 opti·

208 2058 284 2096 mis
309 2057 496 2104 deditum,
523 2057 639 2109 idque
657 2071 680 2096 a
701 2071 832 2109 puero.
862 2058 969 2096 Nam
994 2057 1098 2096 domi
1119 2070 1216 2096 meae
1233 2071 1324 2096 cum

209 2111 380 2150 Diodoto
411 2112 550 2157 Stoico,
571 2111 726 2150 homine
745 2114 849 2161 (meo
875 2112 1038 2161 judicio)
1056 2111 1326 2161 eruditissimo,

208 2166 378 2204 multum
407 2179 430 2204 a
448 2178 566 2217 puero
584 2166 671 2204 fuit.
701 2166 819 2205 Nunc
842 2174 986 2214 autem,
1005 2167 1181 2204 incensus
1199 2165 1326 2204 studio

208 2233 337 2259 rerum
367 2227 536 2267 tuarum,
569 2233 630 2259 cas
671 2220 787 2259 literis
817 2220 960 2260 Graecis
992 2219 1172 2259 mandare
1208 2219 1325 2272 cupit.
