1513 2382
323 94 406 133 AD
432 92 717 134 ATTICUM.
748 94 846 132 LIB.
874 93 973 133 VII.
1006 95 1068 132 ll.
1180 94 1257 138 347

143 215 221 254 quo
237 201 383 240 facilior
404 201 453 240 sit
471 201 594 240 aditus
617 201 666 240 ad
690 202 877 253 patriam.
869 203 886 229 ἓ
915 217 1027 253 χρεων
1055 215 1255 248 amnon-ors,

146 255 306 306 φυγαδων
337 255 513 303 καθοὸους,
543 264 718 294 sexcenta
748 256 823 293 alia
846 255 997 304 scelera,
1025 254 1256 304 11101111,την

141 311 232 346 θεων
250 324 427 357 μεγιστην
448 309 538 346 ὥστ’
561 325 653 361 exau
674 324 779 358 τυραν
767 309 882 346 mc3e1.
873 311 890 334 ‘²

194 362 275 401 Sibi
303 362 442 400 habeat
467 375 576 400 suam
606 362 811 400 fortunam.
841 363 973 401 Unam
1003 360 1253 411 (mehercule)

140 422 268 454 tecum
297 415 567 467 apricationem
596 416 635 453 in
654 416 720 453 illo
746 415 950 454 Lucretino
977 422 1043 453 tuo
1069 416 1146 453 sole
1172 429 1255 454 ma-

140 469 225 515 lim,
247 482 364 521 quam
383 469 512 507 omnia
530 469 744 507 istiusmodi
762 482 903 520 regna3
934 469 994 506 vel
1012 469 1138 519 potius
1156 470 1257 507 mori

138 523 296 584 111111103ἶ
325 536 443 575 quam
468 523 585 561 semel
609 523 823 562 istiusmodi
841 522 1053 584 quidquam
1079 523 1253 573 cogitare.

139 575 249 624 Quid
268 577 298 615 si
315 584 358 614 tu
378 577 469 614 velis
484 579 501 615 Ρ
530 577 669 628 inquis.
698 578 787 627 Age
799 577 884 628 quis
899 584 966 624 est,
988 575 1049 614 cui
1067 577 1163 613 velle
1177 588 1254 614 non

137 630 278 668 liceat?
307 630 382 669 Sed
401 644 470 681 ego
488 631 560 668 1100
578 631 706 682 ipsum
724 631 820 668 velle
848 630 1023 668 miserius
1042 642 1121 668 esse
1139 629 1252 678 duco,

138 684 310 735 quamin
329 697 479 723 crucem
498 684 592 722 tolli.
622 685 713 723 Una
738 697 796 722 res
819 692 873 722 est
900 683 945 721 ea
963 683 1146 730 miserior,
1173 683 1254 721 adi.-

137 737 246 788 pisci,
266 737 369 790 quod
389 738 443 776 ita
459 738 635 776 volueris.
662 737 738 777 Sed
755 738 838 776 haec
855 738 1060 775 hactenus:
1092 737 1254 775 libenter

137 791 241 830 enim
265 791 306 829 in
329 791 390 830 his
415 791 597 830 molestiis
620 795 831 844 ενσχολαζω
858 806 924 829 σοι.
954 791 1174 830 Redeamus
1204 791 1253 829 ad

135 853 322 884 nostrum.
855 884 858 885 γ

189 899 266 938 Ρο1
283 899 454 938 fortunas
472 899 482 938 !
513 899 625 950 quale
643 898 713 937 tibi
732 898 934 937 consilium
954 899 1130 951 Pompeii
1148 899 1251 938 vide-

134 955 229 992 tur?
257 953 343 1001 hoc,
364 966 507 1005 quaero,
526 953 629 1005 quod
642 954 791 991 Urbem
809 952 1004 1004 reliquerit
1020 967 1030 990 =
1063 967 1132 1004 ego
1148 953 1250 991 enim

134 1021 282 1057 anopw:
313 1013 399 1045 tum
423 1007 521 1044 nihil
539 1006 751 1045 absurdius.
787 1007 937 1045 Urbem
955 1014 997 1044 tu
1021 1007 1250 1058 relinquas?

132 1059 241 1111 Ergo
269 1060 386 1108 idem,
418 1061 451 1098 si
477 1060 582 1098 Galli
611 1060 793 1098 venirent.
824 1061 917 1098 Non
944 1067 1012 1108 est,
1038 1060 1178 1112 inquit,
1209 1060 1250 1098 in

133 1113 340 1164 parietibus
351 1115 574 1165 respublica.
601 1115 660 1152 At
678 1114 719 1151 in
738 1114 812 1152 aris
831 1121 868 1151 et
886 1114 990 1152 focis.
1024 1114 1130 1152 Fecit
1148 1114 1250 1152 idem

133 1167 421 1206 Themistocles.
452 1167 636 1205 Fluctum
666 1168 768 1206 enim
798 1167 914 1205 totius
940 1168 1124 1206 barbariae
1153 1168 1251 1206 ferre

132 1222 224 1258 urbs
242 1233 321 1259 11113
344 1234 421 1259 11011
446 1228 605 1273 poterat.
638 1221 697 1260 At
722 1221 826 1259 idem
853 1221 1017 1259 Pericles
1042 1233 1120 1259 non
1145 1221 1247 1267 fecit,

121 1286 278 1318 ‚annum
296 1274 374 1314 fere
391 1283 476 1327 post
495 1275 872 1327 quinquagesimum,
887 1288 990 1322 cum,
1006 1283 1142 1326 praeter
1155 1288 1250 1313 moe-

129 1327 196 1365 nia
219 1327 316 1366 nihil
341 1336 494 1368 teneret.
524 1329 659 1367 Nostri
684 1329 792 1377 olim,
818 1329 926 1367 Urbe
952 1329 1100 1380 reliqua
1123 1329 1248 1380 capta,

122 1393 258 1430 *arcem
276 1388 405 1421 tamen
424 1383 673 1421 retinuerunt.

204 1471 311 1508 Οὑτω
329 1486 395 1509 που
416 1488 486 1509 των
505 1475 662 1523 προσὲεν
681 1470 896 1518 επευθομεθα
918 1478 1011 1508 κλεα
1033 1471 1174 1522 ανδρων.

182 1544 334 1583 Rursus
352 1553 495 1595 autem,
516 1560 564 1585 ex
582 1546 712 1584 dolore
730 1546 970 1597 municipali,
991 1545 1248 1584 sermonibus-

127 1611 203 1650 que
222 1611 353 1637 eorum
373 1613 468 1651 quos
483 1600 678 1648 convenio,
698 1600 847 1638 videtur
860 1600 933 1638 1100
958 1599 1158 1637 consilium
1178 1612 1245 1637 ex-

125 1651 226 1690 itum
239 1652 474 1691 habiturum.
504 1653 612 1692 Mira
621 1654 825 1691 hominum
838 1653 992 1704 querela
1012 1660 1080 1701 est,
1100 1653 1244 1705 (nescio

124 1705 234 1744 istic:
265 1706 332 1744 sed
350 1706 462 1745 facies
475 1714 519 1744 ut
539 1706 673 1756 sciam)
691 1707 771 1744 sine
789 1706 1073 1757 magistratibus
1094 1707 1241 1745 Urbem

117 1771 220 1807 osse,
241 1759 322 1798 sine
346 1767 492 1798 senatu.
522 1760 691 1811 Fugiens
717 1760 881 1811 denique
901 1760 1111 1811 Pompeius
1129 1760 1247 1798 mira-

127 1812 253 1851 biliter
283 1813 458 1852 homines
487 1822 626 1852 movet.
668 1813 776 1861 Quid
812 1813 982 1864 quaeris?
1023 1813 1097 1851 alia
1133 1827 1246 1852 causa

119 1866 228 1904 facta
256 1874 336 1905 est:
366 1867 464 1905 nihil
482 1868 566 1917 jam
598 1867 881 1906 concedendum
910 1875 1050 1918 putant
1087 1865 1241 1906 Caesari.

129 1919 242 1968 Haec,
263 1927 306 1958 tu
324 1921 421 1958 mihi
440 1921 601 1973 explica,
615 1921 744 1973 qualia
755 1921 841 1959 sint.
870 1920 958 1971 Ego
976 1921 1126 1971 negotio
1145 1934 1243 1972 prae-

126 1985 216 2011 sum
233 1985 311 2012 non
329 1975 559 2013 turbulento.
589 1975 690 2014 Vult
707 1975 808 2013 enim
831 1986 895 2012 me
922 1974 1130 2025 Pompeius
1149 1988 1242 2023 esse,

127 2039 244 2078 quem
276 2034 355 2066 tota
385 2028 466 2067 haec
498 2027 698 2080 Campana
726 2036 764 2066 et
785 2027 979 2066 maritima
1006 2041 1073 2066 ora
1105 2028 1243 2067 habeat

129 2095 338 2129 επισκοπον,
357 2081 406 2120 3(1
424 2095 541 2134 quem
559 2082 725 2121 delectus
744 2090 781 2120 et
810 2094 961 2119 summa
980 2081 1122 2133 negotii
1147 2081 1241 2120 refe-

127 2139 244 2171 ratur.
274 2134 410 2186 Itaque
429 2149 546 2187 vagus
565 2149 643 2174 aese
661 2135 887 2187 cogitabam.

179 2185 238 2224 Te
262 2197 355 2238 puto
379 2190 458 2237 jam
491 2189 628 2235 videre,
658 2202 745 2241 quae
770 2190 815 2227 sit
848 2192 862 2226 5
868 2205 937 2238 ,τμη
964 2188 1136 2229 Caesaris
1164 2189 1236 2239 qui
