<?xml version="1.0" encoding="UTF-8"?>
<!DOCTYPE html PUBLIC "-//W3C//DTD XHTML 1.0 Transitional//EN"
    "http://www.w3.org/TR/xhtml1/DTD/xhtml1-transitional.dtd">
<html xmlns="http://www.w3.org/1999/xhtml" xml:lang="en" lang="en">
 <head>
  <title>
</title>
<meta http-equiv="Content-Type" content="text/html;charset=utf-8" />
  <meta name='ocr-system' content='tesseract 3.04.00' />
  <meta name='ocr-capabilities' content='ocr_page ocr_carea ocr_par ocr_line ocrx_word'/>
</head>
<body>
  <div class='ocr_page' id='page_1' title='image "./operaern10ciceuoft_0319.png"; bbox 0 0 1513 2382; ppageno 0'>
   <div class='ocr_carea' id='block_1_1' title="bbox 396 69 1299 111">
    <p class='ocr_par' dir='ltr' id='par_1_1' title="bbox 396 69 1299 111">
     <span class='ocr_line' id='line_1_1' title="bbox 396 69 1299 111; baseline 0.002 -3"><span class='ocrx_word' id='word_1_1' title='bbox 396 69 480 109; x_wconf 84' lang='lat' dir='ltr'>AD</span> <span class='ocrx_word' id='word_1_2' title='bbox 506 69 791 110; x_wconf 87' lang='lat' dir='ltr'>ATTICUM.</span> <span class='ocrx_word' id='word_1_3' title='bbox 821 71 922 110; x_wconf 79' lang='lat' dir='ltr'>Lm.</span> <span class='ocrx_word' id='word_1_4' title='bbox 943 72 1020 111; x_wconf 89' lang='lat' dir='ltr'>VI.</span> <span class='ocrx_word' id='word_1_5' title='bbox 1053 73 1089 110; x_wconf 90' lang='lat' dir='ltr'>l.</span> <span class='ocrx_word' id='word_1_6' title='bbox 1218 72 1299 110; x_wconf 79' lang='lat'>305</span> 
     </span>
    </p>
   </div>
   <div class='ocr_carea' id='block_1_2' title="bbox 167 175 1301 2259">
    <p class='ocr_par' dir='ltr' id='par_1_2' title="bbox 184 175 1301 323">
     <span class='ocr_line' id='line_1_2' title="bbox 184 175 1301 231; baseline 0.002 -15"><span class='ocrx_word' id='word_1_7' title='bbox 184 177 340 216; x_wconf 73' lang='lat' dir='ltr'>crevisse</span> <span class='ocrx_word' id='word_1_8' title='bbox 351 189 364 222; x_wconf 75' lang='grc' dir='ltr'><strong>ς</strong></span> <span class='ocrx_word' id='word_1_9' title='bbox 380 177 449 228; x_wconf 88' lang='lat' dir='ltr'>qui</span> <span class='ocrx_word' id='word_1_10' title='bbox 462 175 679 225; x_wconf 83' lang='lat' dir='ltr'><strong>declaravit,</strong></span> <span class='ocrx_word' id='word_1_11' title='bbox 694 179 829 229; x_wconf 80' lang='lat' dir='ltr'>quanti</span> <span class='ocrx_word' id='word_1_12' title='bbox 845 192 910 218; x_wconf 86' lang='lat' dir='ltr'>me</span> <span class='ocrx_word' id='word_1_13' title='bbox 922 179 1073 226; x_wconf 78' lang='lat' dir='ltr'>faceret,</span> <span class='ocrx_word' id='word_1_14' title='bbox 1086 190 1174 217; x_wconf 91' lang='lat' dir='ltr'>cum</span> <span class='ocrx_word' id='word_1_15' title='bbox 1187 191 1301 231; x_wconf 68' lang='lat' dir='ltr'>saepe,</span> 
     </span>
     <span class='ocr_line' id='line_1_3' title="bbox 184 231 1296 284; baseline 0.002 -15"><span class='ocrx_word' id='word_1_16' title='bbox 184 238 268 269; x_wconf 80' lang='lat' dir='ltr'>tum</span> <span class='ocrx_word' id='word_1_17' title='bbox 287 231 327 269; x_wconf 91' lang='lat' dir='ltr'>in</span> <span class='ocrx_word' id='word_1_18' title='bbox 350 231 480 270; x_wconf 65' lang='lat' dir='ltr'>Bursa</span> <span class='ocrx_word' id='word_1_19' title='bbox 495 246 507 270; x_wconf 75' lang='lat' dir='ltr'><em>z</em></span> <span class='ocrx_word' id='word_1_20' title='bbox 535 243 610 281; x_wconf 88' lang='lat' dir='ltr'>nae,</span> <span class='ocrx_word' id='word_1_21' title='bbox 628 239 672 270; x_wconf 87' lang='lat' dir='ltr'>tu</span> <span class='ocrx_word' id='word_1_22' title='bbox 690 244 754 270; x_wconf 89' lang='lat' dir='ltr'>me</span> <span class='ocrx_word' id='word_1_23' title='bbox 771 232 1022 271; x_wconf 85' lang='lat' dir='ltr'>sollicitudine</span> <span class='ocrx_word' id='word_1_24' title='bbox 1039 233 1183 284; x_wconf 64' lang='lat' dir='ltr'>magna</span> <span class='ocrx_word' id='word_1_25' title='bbox 1200 233 1296 272; x_wconf 89' lang='lat' dir='ltr'>libe-</span> 
     </span>
     <span class='ocr_line' id='line_1_4' title="bbox 185 284 291 323; baseline -0.009 0"><span class='ocrx_word' id='word_1_26' title='bbox 185 284 291 323; x_wconf 63' lang='lat' dir='ltr'>raris.</span> 
     </span>
    </p>

    <p class='ocr_par' dir='ltr' id='par_1_3' title="bbox 181 337 1298 757">
     <span class='ocr_line' id='line_1_5' title="bbox 237 337 1298 391; baseline 0.001 -16"><span class='ocrx_word' id='word_1_27' title='bbox 237 337 372 376; x_wconf 75' lang='lat' dir='ltr'>Fui-nii</span> <span class='ocrx_word' id='word_1_28' title='bbox 400 338 571 391; x_wconf 84' lang='lat' dir='ltr'>exceptio</span> <span class='ocrx_word' id='word_1_29' title='bbox 597 339 694 377; x_wconf 87' lang='lat' dir='ltr'>mihi</span> <span class='ocrx_word' id='word_1_30' title='bbox 716 351 793 377; x_wconf 89' lang='lat' dir='ltr'>non</span> <span class='ocrx_word' id='word_1_31' title='bbox 821 340 972 391; x_wconf 86' lang='lat' dir='ltr'>placet:</span> <span class='ocrx_word' id='word_1_32' title='bbox 1002 352 1072 378; x_wconf 90' lang='lat' dir='ltr'>nec</span> <span class='ocrx_word' id='word_1_33' title='bbox 1101 340 1204 377; x_wconf 89' lang='lat' dir='ltr'>enim</span> <span class='ocrx_word' id='word_1_34' title='bbox 1227 351 1298 390; x_wconf 84' lang='lat' dir='ltr'>ego</span> 
     </span>
     <span class='ocr_line' id='line_1_6' title="bbox 183 391 1298 445; baseline 0.002 -16"><span class='ocrx_word' id='word_1_35' title='bbox 183 391 309 429; x_wconf 88' lang='lat' dir='ltr'>ullum</span> <span class='ocrx_word' id='word_1_36' title='bbox 326 392 432 430; x_wconf 89' lang='lat' dir='ltr'>aliud</span> <span class='ocrx_word' id='word_1_37' title='bbox 450 400 601 444; x_wconf 89' lang='lat' dir='ltr'>tempus</span> <span class='ocrx_word' id='word_1_38' title='bbox 623 393 753 440; x_wconf 86' lang='lat' dir='ltr'>timeo,</span> <span class='ocrx_word' id='word_1_39' title='bbox 779 394 854 431; x_wconf 89' lang='lat' dir='ltr'>nisi</span> <span class='ocrx_word' id='word_1_40' title='bbox 872 393 976 445; x_wconf 91' lang='lat' dir='ltr'>quod</span> <span class='ocrx_word' id='word_1_41' title='bbox 993 393 1059 431; x_wconf 82' lang='lat' dir='ltr'>ifle</span> <span class='ocrx_word' id='word_1_42' title='bbox 1077 393 1202 431; x_wconf 89' lang='lat' dir='ltr'>solum</span> <span class='ocrx_word' id='word_1_43' title='bbox 1230 405 1298 431; x_wconf 82' lang='lat' dir='ltr'>ex-</span> 
     </span>
     <span class='ocr_line' id='line_1_7' title="bbox 183 444 1298 508; baseline 0.001 -25"><span class='ocrx_word' id='word_1_44' title='bbox 183 444 287 496; x_wconf 87' lang='lat' dir='ltr'><strong>cipit.</strong></span> <span class='ocrx_word' id='word_1_45' title='bbox 318 446 393 484; x_wconf 93' lang='lat' dir='ltr'>Sed</span> <span class='ocrx_word' id='word_1_46' title='bbox 418 447 618 485; x_wconf 87' lang='lat' dir='ltr'>scriberem</span> <span class='ocrx_word' id='word_1_47' title='bbox 647 446 695 485; x_wconf 91' lang='lat' dir='ltr'>ad</span> <span class='ocrx_word' id='word_1_48' title='bbox 720 454 757 485; x_wconf 89' lang='lat' dir='ltr'>te</span> <span class='ocrx_word' id='word_1_49' title='bbox 781 447 829 485; x_wconf 91' lang='lat' dir='ltr'>de</span> <span class='ocrx_word' id='word_1_50' title='bbox 854 447 925 486; x_wconf 93' lang='lat' dir='ltr'>hoc</span> <span class='ocrx_word' id='word_1_51' title='bbox 949 447 1074 508; x_wconf 79' lang='lat' dir='ltr'>plura,</span> <span class='ocrx_word' id='word_1_52' title='bbox 1099 447 1130 483; x_wconf 87' lang='lat' dir='ltr'>si</span> <span class='ocrx_word' id='word_1_53' title='bbox 1159 447 1298 484; x_wconf 86' lang='lat' dir='ltr'>Romae</span> 
     </span>
     <span class='ocr_line' id='line_1_8' title="bbox 182 499 1296 552; baseline 0 -15"><span class='ocrx_word' id='word_1_54' title='bbox 182 511 290 537; x_wconf 57' lang='lat' dir='ltr'>mes.</span> <span class='ocrx_word' id='word_1_55' title='bbox 320 499 369 537; x_wconf 89' lang='lat' dir='ltr'>In</span> <span class='ocrx_word' id='word_1_56' title='bbox 391 500 576 552; x_wconf 90' lang='lat' dir='ltr'>Pompeio</span> <span class='ocrx_word' id='word_1_57' title='bbox 590 508 628 539; x_wconf 91' lang='lat' dir='ltr'>te</span> <span class='ocrx_word' id='word_1_58' title='bbox 655 513 761 551; x_wconf 85' lang='lat' dir='ltr'>spem</span> <span class='ocrx_word' id='word_1_59' title='bbox 786 513 940 539; x_wconf 90' lang='lat' dir='ltr'>omnem</span> <span class='ocrx_word' id='word_1_60' title='bbox 968 500 1035 539; x_wconf 90' lang='lat' dir='ltr'>otii</span> <span class='ocrx_word' id='word_1_61' title='bbox 1054 511 1194 551; x_wconf 90' lang='lat' dir='ltr'>ponere</span> <span class='ocrx_word' id='word_1_62' title='bbox 1218 511 1296 537; x_wconf 92' lang='lat' dir='ltr'>non</span> 
     </span>
     <span class='ocr_line' id='line_1_9' title="bbox 182 552 1294 606; baseline 0 -16"><span class='ocrx_word' id='word_1_63' title='bbox 182 552 327 590; x_wconf 84' lang='lat' dir='ltr'>miror:</span> <span class='ocrx_word' id='word_1_64' title='bbox 362 553 417 591; x_wconf 86' lang='lat' dir='ltr'>ita</span> <span class='ocrx_word' id='word_1_65' title='bbox 443 567 503 592; x_wconf 62' lang='lat' dir='ltr'>res</span> <span class='ocrx_word' id='word_1_66' title='bbox 529 562 610 592; x_wconf 90' lang='lat' dir='ltr'>est·</span> <span class='ocrx_word' id='word_1_67' title='bbox 599 583 610 599; x_wconf 87' lang='lat'>‚</span> <span class='ocrx_word' id='word_1_68' title='bbox 654 555 1004 606; x_wconf 86' lang='lat' dir='ltr'>removendumque</span> <span class='ocrx_word' id='word_1_69' title='bbox 1035 565 1166 592; x_wconf 86' lang='lat' dir='ltr'>censeo</span> <span class='ocrx_word' id='word_1_70' title='bbox 1196 552 1294 590; x_wconf 90' lang='lat' dir='ltr'>illud</span> 
     </span>
     <span class='ocr_line' id='line_1_10' title="bbox 185 606 1297 658; baseline 0 -14"><span class='ocrx_word' id='word_1_71' title='bbox 185 608 215 628; x_wconf 89' lang='grc'>“</span> <span class='ocrx_word' id='word_1_72' title='bbox 245 606 591 646; x_wconf 82' lang='lat' dir='ltr'>dissimulantem.”</span> <span class='ocrx_word' id='word_1_73' title='bbox 635 608 710 647; x_wconf 88' lang='lat' dir='ltr'>Sed</span> <span class='ocrx_word' id='word_1_74' title='bbox 739 608 856 656; x_wconf 89' lang='lat' dir='ltr'>enim,</span> <span class='ocrx_word' id='word_1_75' title='bbox 887 622 1064 655; x_wconf 79' lang='grc' dir='ltr'><strong><em>οικονομια</em></strong></span> <span class='ocrx_word' id='word_1_76' title='bbox 1092 607 1124 645; x_wconf 86' lang='grc'>51</span> <span class='ocrx_word' id='word_1_77' title='bbox 1146 613 1297 658; x_wconf 86' lang='lat' dir='ltr'>pertur-</span> 
     </span>
     <span class='ocr_line' id='line_1_11' title="bbox 181 659 1296 713; baseline -0.001 -16"><span class='ocrx_word' id='word_1_78' title='bbox 181 659 305 698; x_wconf 83' lang='lat' dir='ltr'>batior</span> <span class='ocrx_word' id='word_1_79' title='bbox 332 667 402 710; x_wconf 84' lang='lat' dir='ltr'>est,</span> <span class='ocrx_word' id='word_1_80' title='bbox 431 661 504 700; x_wconf 90' lang='lat' dir='ltr'>tibi</span> <span class='ocrx_word' id='word_1_81' title='bbox 534 662 748 713; x_wconf 79' lang='lat' dir='ltr'>assignato:</span> <span class='ocrx_word' id='word_1_82' title='bbox 780 670 817 700; x_wconf 88' lang='lat' dir='ltr'>te</span> <span class='ocrx_word' id='word_1_83' title='bbox 844 661 948 700; x_wconf 88' lang='lat' dir='ltr'>enim</span> <span class='ocrx_word' id='word_1_84' title='bbox 977 673 1114 713; x_wconf 90' lang='lat' dir='ltr'>sequor</span> <span class='ocrx_word' id='word_1_85' title='bbox 1149 659 1296 712; x_wconf 78' lang='grc' dir='ltr'><em>σχεδια-</em></span> 
     </span>
     <span class='ocr_line' id='line_1_12' title="bbox 184 716 297 757; baseline 0.009 -8"><span class='ocrx_word' id='word_1_86' title='bbox 184 716 297 757; x_wconf 71' lang='grc' dir='ltr'>ζοντα.</span> 
     </span>
    </p>

    <p class='ocr_par' dir='ltr' id='par_1_4' title="bbox 175 765 1296 1196">
     <span class='ocr_line' id='line_1_13' title="bbox 236 765 1296 819; baseline 0 -15"><span class='ocrx_word' id='word_1_87' title='bbox 236 765 435 806; x_wconf 83' lang='lat' dir='ltr'>Cicerones</span> <span class='ocrx_word' id='word_1_88' title='bbox 452 768 562 819; x_wconf 92' lang='lat' dir='ltr'>pueri</span> <span class='ocrx_word' id='word_1_89' title='bbox 584 775 715 807; x_wconf 87' lang='lat' dir='ltr'>amant</span> <span class='ocrx_word' id='word_1_90' title='bbox 732 769 830 807; x_wconf 88' lang='lat' dir='ltr'>inter</span> <span class='ocrx_word' id='word_1_91' title='bbox 854 782 907 815; x_wconf 85' lang='lat' dir='ltr'>se,</span> <span class='ocrx_word' id='word_1_92' title='bbox 933 768 1099 815; x_wconf 80' lang='lat' dir='ltr'>discunt,</span> <span class='ocrx_word' id='word_1_93' title='bbox 1119 778 1296 805; x_wconf 77' lang='lat' dir='ltr'>exercen-</span> 
     </span>
     <span class='ocr_line' id='line_1_14' title="bbox 179 820 1296 873; baseline 0 -15"><span class='ocrx_word' id='word_1_94' title='bbox 179 827 243 859; x_wconf 85' lang='lat' dir='ltr'>tur</span> <span class='ocrx_word' id='word_1_95' title='bbox 259 835 269 858; x_wconf 89' lang='lat'>:</span> <span class='ocrx_word' id='word_1_96' title='bbox 299 820 366 858; x_wconf 89' lang='lat' dir='ltr'>sed</span> <span class='ocrx_word' id='word_1_97' title='bbox 380 821 474 859; x_wconf 88' lang='lat' dir='ltr'>alter</span> <span class='ocrx_word' id='word_1_98' title='bbox 487 823 560 865; x_wconf 87' lang='lat' dir='ltr'>(uti</span> <span class='ocrx_word' id='word_1_99' title='bbox 575 823 672 860; x_wconf 81' lang='lat' dir='ltr'>dixit</span> <span class='ocrx_word' id='word_1_100' title='bbox 688 823 870 861; x_wconf 84' lang='lat' dir='ltr'>Isocrates</span> <span class='ocrx_word' id='word_1_101' title='bbox 884 823 924 860; x_wconf 89' lang='lat' dir='ltr'>in</span> <span class='ocrx_word' id='word_1_102' title='bbox 938 821 1097 873; x_wconf 90' lang='lat' dir='ltr'>Ephoro</span> <span class='ocrx_word' id='word_1_103' title='bbox 1111 829 1149 859; x_wconf 87' lang='lat' dir='ltr'>et</span> <span class='ocrx_word' id='word_1_104' title='bbox 1167 820 1296 858; x_wconf 87' lang='lat' dir='ltr'>Theo-</span> 
     </span>
     <span class='ocr_line' id='line_1_15' title="bbox 179 872 1293 935; baseline 0 -24"><span class='ocrx_word' id='word_1_105' title='bbox 179 872 341 925; x_wconf 88' lang='lat' dir='ltr'>pompo)</span> <span class='ocrx_word' id='word_1_106' title='bbox 360 875 476 913; x_wconf 85' lang='lat' dir='ltr'>frenis</span> <span class='ocrx_word' id='word_1_107' title='bbox 503 883 600 927; x_wconf 82' lang='lat' dir='ltr'>eget,</span> <span class='ocrx_word' id='word_1_108' title='bbox 628 876 723 914; x_wconf 87' lang='lat' dir='ltr'>alter</span> <span class='ocrx_word' id='word_1_109' title='bbox 747 876 965 915; x_wconf 83' lang='lat' dir='ltr'>calcaribus.</span> <span class='ocrx_word' id='word_1_110' title='bbox 996 875 1145 922; x_wconf 86' lang='lat' dir='ltr'>Quinto</span> <span class='ocrx_word' id='word_1_111' title='bbox 1162 882 1293 935; x_wconf 80' lang='lat' dir='ltr'>togam</span> 
     </span>
     <span class='ocr_line' id='line_1_16' title="bbox 176 928 1295 981; baseline 0 -16"><span class='ocrx_word' id='word_1_112' title='bbox 176 940 316 979; x_wconf 88' lang='lat' dir='ltr'>puram</span> <span class='ocrx_word' id='word_1_113' title='bbox 337 928 578 968; x_wconf 86' lang='lat' dir='ltr'>Liberalibus</span> <span class='ocrx_word' id='word_1_114' title='bbox 596 931 809 981; x_wconf 87' lang='lat' dir='ltr'><strong>cogitabam</strong></span> <span class='ocrx_word' id='word_1_115' title='bbox 829 930 944 968; x_wconf 81' lang='lat' dir='ltr'>dare:</span> <span class='ocrx_word' id='word_1_116' title='bbox 974 928 1177 967; x_wconf 87' lang='lat' dir='ltr'>mandavit</span> <span class='ocrx_word' id='word_1_117' title='bbox 1189 928 1295 965; x_wconf 91' lang='lat' dir='ltr'>enim</span> 
     </span>
     <span class='ocr_line' id='line_1_17' title="bbox 178 981 1295 1035; baseline -0.001 -16"><span class='ocrx_word' id='word_1_118' title='bbox 178 989 297 1032; x_wconf 85' lang='lat' dir='ltr'>pater.</span> <span class='ocrx_word' id='word_1_119' title='bbox 323 981 386 1020; x_wconf 86' lang='lat' dir='ltr'>Ea</span> <span class='ocrx_word' id='word_1_120' title='bbox 403 982 454 1020; x_wconf 89' lang='lat' dir='ltr'>sic</span> <span class='ocrx_word' id='word_1_121' title='bbox 479 984 699 1032; x_wconf 75' lang='lat' dir='ltr'>observabo,</span> <span class='ocrx_word' id='word_1_122' title='bbox 727 984 836 1035; x_wconf 85' lang='lat' dir='ltr'><strong>quasi</strong></span> <span class='ocrx_word' id='word_1_123' title='bbox 854 983 1118 1022; x_wconf 76' lang='lat' dir='ltr'>intercalatum</span> <span class='ocrx_word' id='word_1_124' title='bbox 1136 994 1214 1019; x_wconf 92' lang='lat' dir='ltr'>non</span> <span class='ocrx_word' id='word_1_125' title='bbox 1232 981 1295 1019; x_wconf 90' lang='lat' dir='ltr'>sit.</span> 
     </span>
     <span class='ocr_line' id='line_1_18' title="bbox 176 1035 1295 1088; baseline 0 -16"><span class='ocrx_word' id='word_1_126' title='bbox 176 1035 389 1087; x_wconf 82' lang='lat' dir='ltr'>Dionysius</span> <span class='ocrx_word' id='word_1_127' title='bbox 409 1035 506 1074; x_wconf 87' lang='lat' dir='ltr'>mihi</span> <span class='ocrx_word' id='word_1_128' title='bbox 525 1037 682 1088; x_wconf 91' lang='lat' dir='ltr'>quidem</span> <span class='ocrx_word' id='word_1_129' title='bbox 709 1038 749 1074; x_wconf 90' lang='lat' dir='ltr'>in</span> <span class='ocrx_word' id='word_1_130' title='bbox 778 1038 971 1075; x_wconf 87' lang='lat' dir='ltr'>amoribus</span> <span class='ocrx_word' id='word_1_131' title='bbox 990 1044 1067 1075; x_wconf 89' lang='lat' dir='ltr'>est:</span> <span class='ocrx_word' id='word_1_132' title='bbox 1098 1035 1207 1087; x_wconf 83' lang='lat' dir='ltr'>pueri</span> <span class='ocrx_word' id='word_1_133' title='bbox 1226 1047 1295 1072; x_wconf 93' lang='lat' dir='ltr'>au-</span> 
     </span>
     <span class='ocr_line' id='line_1_19' title="bbox 175 1088 1294 1137; baseline 0 -11"><span class='ocrx_word' id='word_1_134' title='bbox 175 1095 254 1127; x_wconf 89' lang='lat' dir='ltr'>tem</span> <span class='ocrx_word' id='word_1_135' title='bbox 267 1089 388 1137; x_wconf 81' lang='lat' dir='ltr'>aiunt,</span> <span class='ocrx_word' id='word_1_136' title='bbox 405 1102 494 1128; x_wconf 91' lang='lat' dir='ltr'>eum</span> <span class='ocrx_word' id='word_1_137' title='bbox 508 1090 702 1129; x_wconf 87' lang='lat' dir='ltr'>furenter</span> <span class='ocrx_word' id='word_1_138' title='bbox 691 1090 811 1129; x_wconf 77' lang='lat' dir='ltr'>irasci.</span> <span class='ocrx_word' id='word_1_139' title='bbox 842 1091 917 1130; x_wconf 88' lang='lat' dir='ltr'>Sed</span> <span class='ocrx_word' id='word_1_140' title='bbox 928 1091 1044 1128; x_wconf 90' lang='lat' dir='ltr'>homo</span> <span class='ocrx_word' id='word_1_141' title='bbox 1058 1102 1136 1128; x_wconf 90' lang='lat' dir='ltr'>non</span> <span class='ocrx_word' id='word_1_142' title='bbox 1150 1088 1294 1127; x_wconf 85' lang='lat' dir='ltr'>doctior</span> 
     </span>
     <span class='ocr_line' id='line_1_20' title="bbox 175 1142 1226 1196; baseline 0 -16"><span class='ocrx_word' id='word_1_143' title='bbox 175 1154 245 1181; x_wconf 87' lang='lat' dir='ltr'>nec</span> <span class='ocrx_word' id='word_1_144' title='bbox 263 1142 424 1181; x_wconf 86' lang='lat' dir='ltr'>sanctior</span> <span class='ocrx_word' id='word_1_145' title='bbox 441 1143 523 1182; x_wconf 90' lang='lat' dir='ltr'>fieri</span> <span class='ocrx_word' id='word_1_146' title='bbox 540 1152 676 1195; x_wconf 88' lang='lat' dir='ltr'>potest,</span> <span class='ocrx_word' id='word_1_147' title='bbox 692 1156 762 1183; x_wconf 86' lang='lat' dir='ltr'>nec</span> <span class='ocrx_word' id='word_1_148' title='bbox 779 1145 838 1182; x_wconf 91' lang='lat' dir='ltr'>tui</span> <span class='ocrx_word' id='word_1_149' title='bbox 855 1145 1009 1196; x_wconf 88' lang='lat' dir='ltr'>meique</span> <span class='ocrx_word' id='word_1_150' title='bbox 1027 1144 1226 1181; x_wconf 88' lang='lat' dir='ltr'>amantior.</span> 
     </span>
    </p>

    <p class='ocr_par' dir='ltr' id='par_1_5' title="bbox 168 1196 1295 2003">
     <span class='ocr_line' id='line_1_21' title="bbox 230 1196 1295 1246; baseline -0.001 -12"><span class='ocrx_word' id='word_1_151' title='bbox 230 1196 461 1246; x_wconf 87' lang='lat' dir='ltr'>Thermum,</span> <span class='ocrx_word' id='word_1_152' title='bbox 489 1197 644 1246; x_wconf 79' lang='lat' dir='ltr'>Silium,</span> <span class='ocrx_word' id='word_1_153' title='bbox 671 1212 757 1237; x_wconf 90' lang='lat' dir='ltr'>vere</span> <span class='ocrx_word' id='word_1_154' title='bbox 785 1198 894 1236; x_wconf 86' lang='lat' dir='ltr'>audis</span> <span class='ocrx_word' id='word_1_155' title='bbox 919 1197 1097 1241; x_wconf 79' lang='lat' dir='ltr'>laudari3</span> <span class='ocrx_word' id='word_1_156' title='bbox 1126 1196 1236 1234; x_wconf 85' lang='lat' dir='ltr'>valde</span> <span class='ocrx_word' id='word_1_157' title='bbox 1254 1207 1295 1233; x_wconf 88' lang='lat' dir='ltr'>se</span> 
     </span>
     <span class='ocr_line' id='line_1_22' title="bbox 172 1249 1292 1302; baseline -0.001 -14"><span class='ocrx_word' id='word_1_158' title='bbox 172 1249 330 1289; x_wconf 85' lang='lat' dir='ltr'>honeste</span> <span class='ocrx_word' id='word_1_159' title='bbox 347 1258 495 1302; x_wconf 82' lang='lat' dir='ltr'>gerunt.</span> <span class='ocrx_word' id='word_1_160' title='bbox 526 1251 640 1291; x_wconf 91' lang='lat' dir='ltr'>Adde</span> <span class='ocrx_word' id='word_1_161' title='bbox 658 1251 720 1290; x_wconf 88' lang='lat' dir='ltr'>M.</span> <span class='ocrx_word' id='word_1_162' title='bbox 747 1252 938 1300; x_wconf 84' lang='lat' dir='ltr'>Nonium,</span> <span class='ocrx_word' id='word_1_163' title='bbox 965 1250 1184 1295; x_wconf 80' lang='lat' dir='ltr'>Bibulum3</span> <span class='ocrx_word' id='word_1_164' title='bbox 1213 1262 1292 1298; x_wconf 89' lang='lat' dir='ltr'>me,</span> 
     </span>
     <span class='ocr_line' id='line_1_23' title="bbox 171 1304 1291 1355; baseline -0.001 -13"><span class='ocrx_word' id='word_1_165' title='bbox 171 1304 206 1342; x_wconf 83' lang='lat' dir='ltr'>si</span> <span class='ocrx_word' id='word_1_166' title='bbox 222 1304 335 1342; x_wconf 83' lang='lat' dir='ltr'>voles.</span> <span class='ocrx_word' id='word_1_167' title='bbox 375 1306 472 1343; x_wconf 76' lang='grc'>13111</span> <span class='ocrx_word' id='word_1_168' title='bbox 497 1305 640 1353; x_wconf 83' lang='lat' dir='ltr'>Scrofa,</span> <span class='ocrx_word' id='word_1_169' title='bbox 670 1307 821 1353; x_wconf 85' lang='lat' dir='ltr'>vellem,</span> <span class='ocrx_word' id='word_1_170' title='bbox 848 1306 1017 1352; x_wconf 84' lang='lat' dir='ltr'>haberet,</span> <span class='ocrx_word' id='word_1_171' title='bbox 1044 1304 1112 1342; x_wconf 91' lang='lat' dir='ltr'>ubi</span> <span class='ocrx_word' id='word_1_172' title='bbox 1136 1311 1291 1355; x_wconf 83' lang='lat' dir='ltr'>posset.</span> <span class='ocrx_word' id='word_1_173' title='bbox 1279 1317 1291 1326; x_wconf 91' lang='lat'><strong>·</strong></span> 
     </span>
     <span class='ocr_line' id='line_1_24' title="bbox 171 1358 1292 1411; baseline -0.003 -15"><span class='ocrx_word' id='word_1_174' title='bbox 171 1364 230 1396; x_wconf 68' lang='lat' dir='ltr'>est</span> <span class='ocrx_word' id='word_1_175' title='bbox 256 1358 357 1396; x_wconf 91' lang='lat' dir='ltr'>enim</span> <span class='ocrx_word' id='word_1_176' title='bbox 375 1359 526 1397; x_wconf 88' lang='lat' dir='ltr'>lautum</span> <span class='ocrx_word' id='word_1_177' title='bbox 555 1360 765 1411; x_wconf 89' lang='lat' dir='ltr'>negotium.</span> <span class='ocrx_word' id='word_1_178' title='bbox 803 1359 942 1399; x_wconf 88' lang='lat' dir='ltr'>Caeteri</span> <span class='ocrx_word' id='word_1_179' title='bbox 966 1358 1164 1396; x_wconf 85' lang='lat' dir='ltr'>infirmant</span> <span class='ocrx_word' id='word_1_180' title='bbox 1186 1364 1292 1394; x_wconf 83' lang='grc' dir='ltr'>πολι-</span> 
     </span>
     <span class='ocr_line' id='line_1_25' title="bbox 172 1411 1289 1466; baseline -0.004 -14"><span class='ocrx_word' id='word_1_181' title='bbox 172 1426 290 1460; x_wconf 77' lang='grc' dir='ltr'><strong><em>τευμα</em></strong></span> <span class='ocrx_word' id='word_1_182' title='bbox 312 1411 481 1452; x_wconf 85' lang='lat' dir='ltr'>Catonis.</span> <span class='ocrx_word' id='word_1_183' title='bbox 511 1413 720 1452; x_wconf 88' lang='lat' dir='ltr'>Hortensio</span> <span class='ocrx_word' id='word_1_184' title='bbox 737 1414 842 1466; x_wconf 91' lang='lat' dir='ltr'>quod</span> <span class='ocrx_word' id='word_1_185' title='bbox 859 1425 1014 1452; x_wconf 84' lang='lat' dir='ltr'>causam</span> <span class='ocrx_word' id='word_1_186' title='bbox 1038 1424 1163 1450; x_wconf 89' lang='lat' dir='ltr'>meam</span> <span class='ocrx_word' id='word_1_187' title='bbox 1186 1423 1289 1449; x_wconf 90' lang='lat' dir='ltr'>com-</span> 
     </span>
     <span class='ocr_line' id='line_1_26' title="bbox 171 1465 1291 1525; baseline -0.001 -22"><span class='ocrx_word' id='word_1_188' title='bbox 171 1465 345 1515; x_wconf 84' lang='lat' dir='ltr'>mendas,</span> <span class='ocrx_word' id='word_1_189' title='bbox 363 1467 474 1505; x_wconf 82' lang='lat' dir='ltr'>valde</span> <span class='ocrx_word' id='word_1_190' title='bbox 491 1475 657 1518; x_wconf 87' lang='lat' dir='ltr'>gratum.</span> <span class='ocrx_word' id='word_1_191' title='bbox 687 1467 750 1506; x_wconf 93' lang='lat' dir='ltr'>De</span> <span class='ocrx_word' id='word_1_192' title='bbox 768 1468 951 1515; x_wconf 84' lang='lat' dir='ltr'>Amiano,</span> <span class='ocrx_word' id='word_1_193' title='bbox 968 1466 1050 1517; x_wconf 81' lang='lat' dir='ltr'>spei</span> <span class='ocrx_word' id='word_1_194' title='bbox 1065 1465 1163 1503; x_wconf 84' lang='lat' dir='ltr'>nihil</span> <span class='ocrx_word' id='word_1_195' title='bbox 1179 1471 1291 1525; x_wconf 70' lang='lat' dir='ltr'>putat</span> 
     </span>
     <span class='ocr_line' id='line_1_27' title="bbox 169 1518 1289 1581; baseline -0.002 -24"><span class='ocrx_word' id='word_1_196' title='bbox 169 1531 249 1557; x_wconf 77' lang='lat' dir='ltr'>esse</span> <span class='ocrx_word' id='word_1_197' title='bbox 274 1519 496 1572; x_wconf 87' lang='lat' dir='ltr'>Dionysius.</span> <span class='ocrx_word' id='word_1_198' title='bbox 539 1521 712 1560; x_wconf 85' lang='lat' dir='ltr'>Terentii</span> <span class='ocrx_word' id='word_1_199' title='bbox 736 1522 888 1560; x_wconf 87' lang='lat' dir='ltr'>nullum</span> <span class='ocrx_word' id='word_1_200' title='bbox 913 1520 1118 1581; x_wconf 53' lang='lat' dir='ltr'>vestigium</span> <span class='ocrx_word' id='word_1_201' title='bbox 1137 1518 1289 1570; x_wconf 79' lang='lat' dir='ltr'>agnovi.</span> 
     </span>
     <span class='ocr_line' id='line_1_28' title="bbox 170 1571 1289 1641; baseline -0.002 -29"><span class='ocrx_word' id='word_1_202' title='bbox 170 1572 429 1641; x_wconf 41' lang='lat' dir='ltr'>blatra-genes</span> <span class='ocrx_word' id='word_1_203' title='bbox 430 1581 528 1613; x_wconf 87' lang='lat' dir='ltr'>certe</span> <span class='ocrx_word' id='word_1_204' title='bbox 545 1576 684 1626; x_wconf 90' lang='lat' dir='ltr'>periit.</span> <span class='ocrx_word' id='word_1_205' title='bbox 715 1576 786 1614; x_wconf 88' lang='lat' dir='ltr'>feci</span> <span class='ocrx_word' id='word_1_206' title='bbox 803 1577 876 1614; x_wconf 87' lang='lat' dir='ltr'>iter</span> <span class='ocrx_word' id='word_1_207' title='bbox 899 1588 968 1625; x_wconf 90' lang='lat' dir='ltr'>per</span> <span class='ocrx_word' id='word_1_208' title='bbox 985 1575 1069 1623; x_wconf 88' lang='lat' dir='ltr'>ejus</span> <span class='ocrx_word' id='word_1_209' title='bbox 1086 1571 1289 1624; x_wconf 87' lang='lat' dir='ltr'>possessio-</span> 
     </span>
     <span class='ocr_line' id='line_1_29' title="bbox 173 1626 1283 1681; baseline -0.001 -17"><span class='ocrx_word' id='word_1_210' title='bbox 173 1639 278 1674; x_wconf 87' lang='lat' dir='ltr'>nem,</span> <span class='ocrx_word' id='word_1_211' title='bbox 299 1628 339 1665; x_wconf 89' lang='lat' dir='ltr'>in</span> <span class='ocrx_word' id='word_1_212' title='bbox 358 1628 437 1680; x_wconf 87' lang='lat' dir='ltr'>qua</span> <span class='ocrx_word' id='word_1_213' title='bbox 455 1629 598 1666; x_wconf 87' lang='lat' dir='ltr'>animal</span> <span class='ocrx_word' id='word_1_214' title='bbox 616 1629 809 1681; x_wconf 89' lang='lat' dir='ltr'>reliquum</span> <span class='ocrx_word' id='word_1_215' title='bbox 821 1629 975 1666; x_wconf 89' lang='lat' dir='ltr'>nullum</span> <span class='ocrx_word' id='word_1_216' title='bbox 987 1635 1058 1665; x_wconf 90' lang='lat' dir='ltr'>est.</span> <span class='ocrx_word' id='word_1_217' title='bbox 1089 1626 1187 1664; x_wconf 88' lang='lat' dir='ltr'>Haec</span> <span class='ocrx_word' id='word_1_218' title='bbox 1204 1638 1283 1663; x_wconf 90' lang='lat' dir='ltr'>non</span> 
     </span>
     <span class='ocr_line' id='line_1_30' title="bbox 168 1681 1288 1735; baseline -0.002 -16"><span class='ocrx_word' id='word_1_219' title='bbox 168 1683 309 1719; x_wconf 75' lang='lat' dir='ltr'>noram</span> <span class='ocrx_word' id='word_1_220' title='bbox 326 1689 426 1729; x_wconf 86' lang='lat' dir='ltr'>tum,</span> <span class='ocrx_word' id='word_1_221' title='bbox 446 1695 535 1721; x_wconf 90' lang='lat' dir='ltr'>cum</span> <span class='ocrx_word' id='word_1_222' title='bbox 557 1681 686 1735; x_wconf 88' lang='lat' dir='ltr'>[cum]</span> <span class='ocrx_word' id='word_1_223' title='bbox 703 1683 924 1721; x_wconf 87' lang='lat' dir='ltr'>Democrito</span> <span class='ocrx_word' id='word_1_224' title='bbox 937 1689 1005 1719; x_wconf 91' lang='lat' dir='ltr'>tuo</span> <span class='ocrx_word' id='word_1_225' title='bbox 1023 1681 1173 1719; x_wconf 86' lang='lat' dir='ltr'>locutus</span> <span class='ocrx_word' id='word_1_226' title='bbox 1156 1692 1288 1717; x_wconf 59' lang='lat' dir='ltr'>esum.</span> 
     </span>
     <span class='ocr_line' id='line_1_31' title="bbox 172 1733 1288 1786; baseline -0.001 -14"><span class='ocrx_word' id='word_1_227' title='bbox 172 1734 364 1773; x_wconf 86' lang='lat' dir='ltr'>Rhosiaca</span> <span class='ocrx_word' id='word_1_228' title='bbox 376 1749 466 1774; x_wconf 86' lang='lat' dir='ltr'>vasa</span> <span class='ocrx_word' id='word_1_229' title='bbox 483 1736 676 1775; x_wconf 83' lang='lat' dir='ltr'>mandavi.</span> <span class='ocrx_word' id='word_1_230' title='bbox 706 1737 781 1776; x_wconf 88' lang='lat' dir='ltr'>Sed</span> <span class='ocrx_word' id='word_1_231' title='bbox 798 1737 894 1775; x_wconf 89' lang='lat' dir='ltr'>heus</span> <span class='ocrx_word' id='word_1_232' title='bbox 910 1743 968 1783; x_wconf 90' lang='lat' dir='ltr'>tu,</span> <span class='ocrx_word' id='word_1_233' title='bbox 993 1734 1088 1786; x_wconf 90' lang='lat' dir='ltr'>quid</span> <span class='ocrx_word' id='word_1_234' title='bbox 1112 1733 1288 1785; x_wconf 74' lang='lat' dir='ltr'>cogitas?</span> 
     </span>
     <span class='ocr_line' id='line_1_32' title="bbox 168 1787 1291 1851; baseline -0.002 -24.995"><span class='ocrx_word' id='word_1_235' title='bbox 168 1787 221 1826; x_wconf 90' lang='lat' dir='ltr'>In</span> <span class='ocrx_word' id='word_1_236' title='bbox 240 1788 387 1828; x_wconf 88' lang='lat' dir='ltr'>fiJicatis</span> <span class='ocrx_word' id='word_1_237' title='bbox 400 1789 572 1828; x_wconf 88' lang='lat' dir='ltr'>lancibus</span> <span class='ocrx_word' id='word_1_238' title='bbox 590 1799 627 1829; x_wconf 89' lang='lat' dir='ltr'>et</span> <span class='ocrx_word' id='word_1_239' title='bbox 645 1789 958 1851; x_wconf 85' lang='lat' dir='ltr'>splendidissimis</span> <span class='ocrx_word' id='word_1_240' title='bbox 982 1787 1166 1835; x_wconf 84' lang='lat' dir='ltr'>canistris,</span> <span class='ocrx_word' id='word_1_241' title='bbox 1186 1787 1291 1825; x_wconf 89' lang='lat' dir='ltr'>olus-</span> 
     </span>
     <span class='ocr_line' id='line_1_33' title="bbox 169 1841 1288 1896; baseline -0.003 -15"><span class='ocrx_word' id='word_1_242' title='bbox 169 1842 267 1881; x_wconf 77' lang='lat' dir='ltr'>culis</span> <span class='ocrx_word' id='word_1_243' title='bbox 285 1855 353 1881; x_wconf 91' lang='lat' dir='ltr'>nos</span> <span class='ocrx_word' id='word_1_244' title='bbox 365 1843 459 1882; x_wconf 90' lang='lat' dir='ltr'>soles</span> <span class='ocrx_word' id='word_1_245' title='bbox 478 1856 660 1895; x_wconf 87' lang='lat' dir='ltr'>pascere;</span> <span class='ocrx_word' id='word_1_246' title='bbox 690 1845 783 1896; x_wconf 91' lang='lat' dir='ltr'>quid</span> <span class='ocrx_word' id='word_1_247' title='bbox 802 1851 839 1882; x_wconf 89' lang='lat' dir='ltr'>te</span> <span class='ocrx_word' id='word_1_248' title='bbox 857 1844 898 1881; x_wconf 88' lang='lat' dir='ltr'>in</span> <span class='ocrx_word' id='word_1_249' title='bbox 912 1842 1010 1881; x_wconf 86' lang='lat' dir='ltr'>vasis</span> <span class='ocrx_word' id='word_1_250' title='bbox 1023 1841 1202 1880; x_wconf 87' lang='lat' dir='ltr'>fictilibus</span> <span class='ocrx_word' id='word_1_251' title='bbox 1219 1853 1288 1892; x_wconf 89' lang='lat' dir='ltr'>ap-</span> 
     </span>
     <span class='ocr_line' id='line_1_34' title="bbox 167 1896 1285 1958; baseline -0.002 -22.991"><span class='ocrx_word' id='word_1_252' title='bbox 167 1896 388 1958; x_wconf 81' lang='lat' dir='ltr'>positurum</span> <span class='ocrx_word' id='word_1_253' title='bbox 417 1902 585 1949; x_wconf 82' lang='lat' dir='ltr'>putem?</span> <span class='ocrx_word' id='word_1_254' title='bbox 616 1905 730 1947; x_wconf 75' lang='grc' dir='ltr'><em>Κερας</em></span> <span class='ocrx_word' id='word_1_255' title='bbox 760 1898 922 1936; x_wconf 91' lang='lat' dir='ltr'>Phemio</span> <span class='ocrx_word' id='word_1_256' title='bbox 946 1896 1175 1934; x_wconf 88' lang='lat' dir='ltr'>mandatum</span> <span class='ocrx_word' id='word_1_257' title='bbox 1202 1901 1285 1933; x_wconf 69' lang='lat' dir='ltr'>est·</span> 
     </span>
     <span class='ocr_line' id='line_1_35' title="bbox 170 1951 1109 2003; baseline -0.002 -13"><span class='ocrx_word' id='word_1_258' title='bbox 170 1951 404 2002; x_wconf 81' lang='lat' dir='ltr'>reperietur;</span> <span class='ocrx_word' id='word_1_259' title='bbox 433 1951 548 1990; x_wconf 93' lang='lat' dir='ltr'>modo</span> <span class='ocrx_word' id='word_1_260' title='bbox 559 1951 705 2003; x_wconf 84' lang='lat' dir='ltr'>aliquid</span> <span class='ocrx_word' id='word_1_261' title='bbox 723 1952 789 1989; x_wconf 87' lang='grc'>1110</span> <span class='ocrx_word' id='word_1_262' title='bbox 807 1951 968 2003; x_wconf 84' lang='grc'>(1181111111</span> <span class='ocrx_word' id='word_1_263' title='bbox 987 1957 1109 1988; x_wconf 81' lang='lat' dir='ltr'>canat.</span> 
     </span>
    </p>

    <p class='ocr_par' dir='ltr' id='par_1_6' title="bbox 168 2002 1288 2220">
     <span class='ocr_line' id='line_1_36' title="bbox 225 2002 1288 2056; baseline -0.002 -13"><span class='ocrx_word' id='word_1_264' title='bbox 225 2004 448 2044; x_wconf 82' lang='lat' dir='ltr'>Parthicum</span> <span class='ocrx_word' id='word_1_265' title='bbox 466 2005 610 2043; x_wconf 88' lang='lat' dir='ltr'>bellum</span> <span class='ocrx_word' id='word_1_266' title='bbox 632 2005 838 2056; x_wconf 81' lang='lat' dir='ltr'>impendet.</span> <span class='ocrx_word' id='word_1_267' title='bbox 870 2004 1025 2044; x_wconf 87' lang='lat' dir='ltr'>Cassius</span> <span class='ocrx_word' id='word_1_268' title='bbox 1043 2004 1190 2055; x_wconf 87' lang='lat' dir='ltr'>ineptas</span> <span class='ocrx_word' id='word_1_269' title='bbox 1203 2002 1288 2041; x_wconf 87' lang='lat' dir='ltr'>lite-</span> 
     </span>
     <span class='ocr_line' id='line_1_37' title="bbox 170 2056 1289 2110; baseline -0.003 -12"><span class='ocrx_word' id='word_1_270' title='bbox 170 2072 234 2098; x_wconf 80' lang='lat' dir='ltr'>ras</span> <span class='ocrx_word' id='word_1_271' title='bbox 247 2058 375 2097; x_wconf 87' lang='grc'>1111511·</span> <span class='ocrx_word' id='word_1_272' title='bbox 405 2059 570 2097; x_wconf 89' lang='lat' dir='ltr'>necdum</span> <span class='ocrx_word' id='word_1_273' title='bbox 581 2059 717 2098; x_wconf 90' lang='lat' dir='ltr'>Bibuli</span> <span class='ocrx_word' id='word_1_274' title='bbox 735 2067 841 2098; x_wconf 87' lang='lat' dir='ltr'>erant</span> <span class='ocrx_word' id='word_1_275' title='bbox 855 2060 1006 2098; x_wconf 82' lang='lat' dir='ltr'>anatae:</span> <span class='ocrx_word' id='word_1_276' title='bbox 1036 2057 1178 2110; x_wconf 89' lang='lat' dir='ltr'>quibus</span> <span class='ocrx_word' id='word_1_277' title='bbox 1195 2056 1289 2095; x_wconf 89' lang='lat' dir='ltr'>reci-</span> 
     </span>
     <span class='ocr_line' id='line_1_38' title="bbox 168 2112 1285 2165; baseline -0.004 -13"><span class='ocrx_word' id='word_1_278' title='bbox 168 2113 271 2160; x_wconf 84' lang='lat' dir='ltr'>tatis,</span> <span class='ocrx_word' id='word_1_279' title='bbox 290 2119 386 2164; x_wconf 84' lang='lat' dir='ltr'>puto</span> <span class='ocrx_word' id='word_1_280' title='bbox 404 2113 497 2159; x_wconf 82' lang='lat' dir='ltr'>fore,</span> <span class='ocrx_word' id='word_1_281' title='bbox 525 2120 569 2150; x_wconf 90' lang='lat' dir='ltr'>ut</span> <span class='ocrx_word' id='word_1_282' title='bbox 596 2112 804 2165; x_wconf 85' lang='lat' dir='ltr'>aliquando</span> <span class='ocrx_word' id='word_1_283' title='bbox 821 2120 1104 2153; x_wconf 85' lang='lat' dir='ltr'>commoveatur</span> <span class='ocrx_word' id='word_1_284' title='bbox 1121 2117 1285 2150; x_wconf 87' lang='lat' dir='ltr'>senatus.</span> 
     </span>
     <span class='ocr_line' id='line_1_39' title="bbox 168 2165 1287 2220; baseline -0.003 -15"><span class='ocrx_word' id='word_1_285' title='bbox 168 2166 360 2219; x_wconf 84' lang='lat' dir='ltr'>Equidem</span> <span class='ocrx_word' id='word_1_286' title='bbox 377 2180 462 2206; x_wconf 85' lang='lat' dir='ltr'>sum</span> <span class='ocrx_word' id='word_1_287' title='bbox 482 2167 520 2204; x_wconf 86' lang='lat' dir='ltr'>in</span> <span class='ocrx_word' id='word_1_288' title='bbox 537 2167 677 2217; x_wconf 74' lang='lat' dir='ltr'>magna</span> <span class='ocrx_word' id='word_1_289' title='bbox 697 2167 816 2206; x_wconf 86' lang='lat' dir='ltr'>animi</span> <span class='ocrx_word' id='word_1_290' title='bbox 836 2166 1128 2220; x_wconf 80' lang='lat' dir='ltr'>perturbatione.</span> <span class='ocrx_word' id='word_1_291' title='bbox 1157 2165 1199 2204; x_wconf 83' lang='lat' dir='ltr'>Si</span> <span class='ocrx_word' id='word_1_292' title='bbox 1214 2167 1287 2208; x_wconf 76' lang='lat' dir='ltr'>(ut</span> 
     </span>
    </p>

    <p class='ocr_par' dir='ltr' id='par_1_7' title="bbox 890 2222 1013 2259">
     <span class='ocr_line' id='line_1_40' title="bbox 890 2222 1013 2259; baseline -0.024 0"><span class='ocrx_word' id='word_1_293' title='bbox 890 2224 914 2259; x_wconf 79' lang='lat'>:2</span> <span class='ocrx_word' id='word_1_294' title='bbox 937 2231 964 2257; x_wconf 81' lang='lat' dir='ltr'>n</span> <span class='ocrx_word' id='word_1_295' title='bbox 989 2222 1013 2257; x_wconf 81' lang='lat'><strong>3</strong></span> 
     </span>
    </p>
   </div>
  </div>
 </body>
</html>
