1513 2382
185 92 265 129 380
360 86 442 127 AD
471 85 757 128 ATTICUM.
786 85 887 125 LIB.
917 84 1042 126 v111.
1076 87 1140 126 11.

186 197 343 242 literas,
332 209 343 220 ·
373 208 421 234 ex
436 194 577 246 quibus
588 208 645 245 ea,
659 209 746 247 quae
758 194 800 232 in
812 206 902 245 agro
916 194 1058 234 Piceno
1069 201 1174 246 gesta
1183 201 1304 245 erant,

188 250 350 302 cognovi
368 248 625 288 commodiora
643 263 721 288 esse
743 249 881 310 multo,
901 261 1020 300 quam
1038 256 1083 286 ut
1101 255 1180 287 erat
1196 249 1308 288 nobis

190 304 437 349 nuntiatum3
469 303 711 355 Vibulliique
735 303 916 341 virtutem
940 302 1244 367 industriamque
1260 303 1310 340 li-

192 360 326 397 benter
357 357 506 409 agnovi.
548 357 633 396 Nos
658 357 783 395 adhuc
810 357 851 394 in
870 370 916 394 ea
934 370 1013 405 ora,
1032 357 1101 395 ubi
1118 355 1312 408 praepositi

197 425 345 472 sumus,
372 412 426 449 ita
453 411 614 458 fuimus,
634 419 680 449 ut
709 423 846 449 navem
870 418 1044 461 paratam
1072 410 1312 449 haberemus.

195 465 257 504 Ea
276 465 379 504 enim
409 464 673 513 audiebamus,
705 472 743 502 et
768 477 812 502 ea
836 465 1075 512 verebamur,
1105 471 1164 512 ut,
1191 463 1315 516 quod-

195 532 362 570 cumque
393 526 436 556 tu
463 519 664 556 consilium
693 517 946 570 praecepisses,
971 517 1012 556 id
1048 517 1158 556 nobis
1189 531 1316 569 perse·

196 573 396 625 quendum
414 580 651 624 putaremus.

252 629 280 649 ‘⁴
302 627 434 673 Nunc,
467 626 650 677 quoniam
682 625 904 664 auctoritate
937 632 974 663 et
998 624 1154 664 consilio
1182 631 1250 663 tuo
1274 625 1316 664 in

197 693 264 731 spe
288 680 454 718 firmiore
482 693 642 725 sumus;
673 680 704 718 si
733 680 852 717 teneri
881 692 991 731 posse
1008 687 1121 731 putas
1142 677 1318 718 Tarraci-

197 747 304 781 nam,
320 741 358 772 et
375 747 483 772 oram
501 733 752 780 maritimam,
766 733 807 770 in
823 747 868 772 ea
881 735 1068 772 manebo:
1100 733 1171 772 etsi
1187 733 1318 785 praesi-

197 788 261 826 dia
287 788 328 825 in
347 788 496 839 oppidis
513 788 622 826 nulla
640 795 743 825 sunt.
772 788 901 825 Nemo
920 787 1023 826 enim
1040 787 1159 825 nostri
1177 787 1320 826 ordinis

197 842 239 879 in
257 842 317 880 his
334 842 426 880 locis
445 849 514 889 est,
535 849 671 893 praeter
690 841 752 879 M.
773 840 962 892 Eppium,
983 854 1100 892 quem
1119 854 1190 892 ego
1207 841 1320 879 Min-

200 896 323 934 turnis
343 908 421 933 esse
432 896 551 942 volui,
572 895 795 946 vigilantem
813 895 1011 933 hominem
1026 902 1062 933 et
1072 895 1319 934 industrium.

201 950 309 988 Nam
329 949 378 987 L.
401 950 660 1000 Torquatum,
679 949 806 987 virum
830 949 968 987 fortem
986 956 1024 987 et
1042 962 1131 987 cum
1156 949 1321 988 auctori-

200 1011 291 1051 tate,
312 1003 477 1041 Formiis
489 1016 564 1042 non
577 1004 786 1041 habemus:
807 1003 856 1041 ad
874 1010 912 1041 te
928 1003 1142 1054 profectum
1160 1003 1321 1042 arbitra-

201 1070 303 1095 mur.

258 1113 287 1134 “
306 1110 395 1162 Ego
409 1111 565 1149 omnino
587 1112 649 1163 (ut
673 1111 849 1163 proxime
873 1110 943 1150 tibi
959 1111 1170 1162 placuerat)
1191 1110 1322 1163 Capu-

203 1177 268 1203 am
293 1165 380 1203 veni
399 1178 443 1203 eo
460 1164 543 1216 ipso
562 1165 637 1212 die,
658 1179 734 1217 quo
753 1173 796 1202 tu
816 1164 949 1203 Teano
974 1165 1142 1204 Sidicino
1170 1178 1208 1204 es
1234 1178 1324 1216 pro-

202 1219 335 1256 fectus.
364 1219 552 1257 Volueras
572 1219 674 1257 enim
686 1232 763 1264 me,
778 1232 866 1257 cum
882 1219 944 1256 M.
963 1217 1144 1257 Considio
1155 1231 1324 1270 proprae-

203 1281 298 1321 tore,
318 1272 386 1310 illa
410 1273 561 1323 negotia
583 1273 693 1310 tueri.
739 1271 844 1311 Cum
873 1285 917 1310 eo
945 1272 1145 1319 venissem,
1172 1273 1251 1310 vidi
1269 1272 1323 1310 T.

205 1325 400 1377 Ampium
428 1325 618 1364 delectum
644 1327 784 1364 habere
811 1326 1112 1376 diligentissime,
1132 1328 1180 1364 ab
1199 1340 1244 1365 eo
1262 1339 1325 1364 ac-

207 1380 330 1431 cipere
349 1379 554 1427 Libonem,
576 1381 729 1418 summssr
758 1380 851 1418 item
883 1380 1095 1431 diligentia,
1117 1387 1154 1418 et
1185 1379 1226 1418 in
1255 1380 1326 1418 illa

208 1433 356 1472 colonia
385 1434 618 1472 auctoritate.
666 1433 743 1471 Fui
780 1433 939 1485 Capuae,
976 1434 1104 1485 quoad
1141 1434 1325 1473 consules.

213 1487 378 1534 Iterum,
394 1494 438 1525 ut
465 1494 544 1525 erat
561 1487 707 1525 dictum
726 1489 774 1525 ab
793 1487 1025 1535 consulibus,
1046 1487 1134 1525 veni
1152 1488 1330 1540 Capuam

210 1540 259 1578 ad
279 1541 414 1578 Nonas
433 1541 673 1580 Februarias.
703 1541 804 1580 Cum
824 1541 983 1579 fuissem
997 1540 1184 1590 triduum,
1203 1541 1328 1594 recepi

212 1607 276 1633 me
295 1595 482 1633 Formias.

278 1651 306 1671 ‘⁶
327 1649 444 1687 Nunc
477 1648 581 1700 quod
618 1656 731 1687 tuum
767 1649 984 1697 consilium,
1014 1657 1082 1687 aut
1118 1663 1205 1701 quae
1233 1649 1330 1689 ratio

211 1702 304 1741 belli
319 1703 380 1749 sit,
400 1703 546 1754 ignoro.
574 1703 616 1742 Si
635 1703 838 1741 tenendam
856 1703 956 1741 hanc
973 1716 1080 1741 oram
1093 1712 1221 1754 putas,
1241 1717 1330 1756 quae

212 1764 250 1795 et
274 1757 599 1808 opportunitatem
623 1764 662 1795 et
686 1757 911 1807 dignitatem
940 1757 1070 1805 habet,
1101 1763 1139 1795 et
1162 1758 1333 1809 egregios

213 1811 326 1858 cives,
357 1818 394 1848 et
423 1813 484 1854 (ut
509 1811 685 1858 arbitror)
705 1812 823 1849 teneri
847 1818 996 1862 potest3
1025 1824 1121 1862 opus
1151 1819 1206 1850 est
1235 1824 1329 1861 esse,

213 1864 281 1916 qui
305 1865 445 1916 praesit.
489 1865 557 1904 Sin
577 1865 705 1902 omnia
722 1865 763 1903 in
781 1878 906 1903 unum
923 1866 1052 1903 locum
1077 1865 1334 1904 contrahenda

213 1926 328 1964 sunt;
358 1931 436 1956 non
466 1918 612 1966 dubito,
641 1919 736 1970 quin
753 1919 803 1958 ad
824 1927 862 1957 te
888 1919 1017 1957 statim
1048 1918 1223 1957 veniam:
1253 1933 1332 1971 quo

214 1971 313 2009 mihi
331 1972 428 2010 nihil
460 1973 626 2024 optatius
656 1979 734 2010 est:
764 1972 882 2024 idque
910 1980 1052 2021 tecum,
1083 1986 1161 2024 quo
1193 1973 1254 2011 die
1280 1975 1332 2012 ab

214 2026 322 2064 Urbe
340 2025 593 2073 discessimus,
611 2027 762 2065 locutus
785 2039 884 2065 sum.
924 2026 1025 2078 Ego,
1055 2026 1087 2065 si
1115 2026 1175 2065 cui
1206 2026 1333 2066 adhuc

214 2079 344 2118 videor
363 2080 511 2131 segnior
525 2080 654 2129 fuisse,
667 2080 762 2118 dum
781 2093 830 2119 ne
849 2080 920 2119 tibi
933 2081 1075 2128 videar,
1088 2092 1164 2119 non
1176 2081 1306 2119 laboro
1317 2095 1330 2119 z

215 2140 251 2170 et
270 2141 414 2180 tamen,
430 2134 461 2172 si
477 2136 540 2185 (ut
558 2134 684 2183 video)
698 2135 845 2173 bellum
864 2135 1073 2185 gerendum
1092 2141 1162 2182 est,
1182 2135 1330 2173 confido

215 2199 278 2225 me
297 2187 474 2227 omnibus
493 2188 602 2226 facile
621 2188 914 2227 satisfacturum.
