1513 2382
311 90 395 128 AD
423 88 708 128 ATTICUM.
740 88 840 126 Lm.
871 88 930 126 ΙΙ.
964 89 997 125 1.
1138 88 1207 126 181

100 195 280 235 seditione
301 197 505 245 commota,
520 196 727 248 adspiravit
752 207 865 234 nemo
887 208 1033 243 eorum,
1049 209 1215 247 quorum

100 262 171 300 ego
189 263 387 298 concursu,
406 251 575 302 itemque
594 251 763 289 consules
776 250 844 301 qui
861 257 947 300 post
960 262 1024 287 me
1042 250 1212 297 fuerunt,

101 304 377 365 rempublicam
407 304 606 342 defendere
628 305 810 342 solebant.
840 303 949 350 Quid
976 306 1096 354 ergo?
1125 304 1215 341 istos

101 355 264 407 inquies,
298 358 470 396 mercede
499 357 701 396 conductos
726 356 987 395 habebimus?
1017 357 1125 404 Quid
1157 357 1215 394 fa-

101 409 258 459 ciemus,
279 411 310 449 si
329 411 436 449 aliter
453 423 530 449 non
551 424 619 462 pos
603 411 780 449 <sumus‘5’
808 410 877 448 An
897 410 1081 448 libertinis
1100 417 1216 461 atque

102 463 216 502 etiam
236 465 349 503 servis
369 465 609 503 serviemus?
634 464 712 512 sed,
732 472 775 501 ut
790 471 831 502 tu
852 464 921 511 ais,
943 465 1026 507 άλις
1049 464 1202 501 σπουδν
1163 480 1202 507 ης

156 517 347 556 Favonius
382 531 509 556 meam
549 516 693 556 tribum
725 519 814 555 tulit
850 517 1057 565 honestius,
1095 531 1215 568 quam

101 583 238 609 suam·
227 600 239 617 ,
270 572 424 610 Lucceii
452 572 627 623 perdidit.
657 571 865 610 Accusavit
893 571 1075 609 Nasicam
1104 571 1215 609 inho-

99 633 204 664 neste
224 626 286 677 (ac
303 626 471 664 modeste
490 633 618 664 tamen
637 624 771 674 dixit),
791 625 844 663 ita
863 632 906 662 ut
919 625 1050 662 Rhodi
1069 623 1213 663 videre-

101 685 165 716 tur
197 679 308 717 molis
339 679 479 730 potius,
512 693 630 731 quam
666 679 832 727 Moloni,
870 691 1024 729 operam
1056 678 1214 717 dedisse.

102 732 222 780 Mihi,
254 733 357 784 quod
386 733 650 778 defendissem,
680 733 811 770 leviter
843 732 1065 770 succensuit.
1096 733 1214 770 Nunc

100 794 230 824 tamen
247 787 342 837 petit
359 786 498 824 iterum
517 786 734 838 reipublicae
759 786 885 824 causa.
915 786 1100 823 Lucceius
1120 786 1214 837 quid

101 847 203 890 agat,
243 840 404 878 scribam
445 840 493 877 ad
529 847 579 885 te,
618 853 707 878 cum
740 840 930 878 Caesarem
968 839 1109 887 videro,
1144 840 1213 890 qui

100 893 220 931 aderit
247 894 376 931 biduo.
418 893 535 941 Quod
563 893 730 944 Sicyonii
759 900 796 931 te
820 893 980 940 laedunt,
1011 893 1148 931 Catoni
1177 900 1214 931 et

99 947 181 995 ejus
211 947 423 985 aemulatori
448 947 631 985 attribuas
660 946 830 985 Servilio.
860 946 1002 994 Quid?
1033 959 1077 984 ea
1100 947 1214 997 plaga

97 1011 223 1038 nonne
252 1000 301 1039 ad
327 1001 469 1038 multos
498 1002 616 1038 bonos
646 1000 744 1038 viros
769 999 965 1050 pertinet?
994 999 1073 1047 sed,
1104 1000 1136 1037 si
1160 1001 1214 1038 ita

95 1053 252 1104 placuit,
278 1053 480 1092 laudemus
497 1067 509 1099 ;
539 1053 673 1090 deinde
691 1053 732 1090 in
750 1053 1044 1091 dissensionibus
1063 1054 1133 1091 soli
1156 1067 1214 1092 re·

96 1107 330 1158 linquamur.

147 1161 358 1199 Amalthea
376 1173 463 1199 mea
481 1167 518 1199 te
547 1167 751 1212 exspectat,
773 1167 810 1198 et
834 1159 981 1210 indiget
1009 1159 1078 1197 tui.
1108 1160 1212 1198 Tus-

95 1214 279 1253 culanum
308 1221 345 1252 et
371 1214 653 1266 Pompeianum
675 1214 784 1252 valde
802 1226 866 1251 me
894 1213 1108 1259 delectant;
1140 1214 1213 1252 nisi

96 1268 200 1319 quod
217 1280 294 1316 me,
313 1267 426 1306 illum
444 1269 572 1320 ipsum
587 1268 775 1305 vindicem
795 1267 878 1305 aeris
896 1267 1023 1314 alieni,
1045 1280 1117 1305 aere
1134 1280 1213 1306 non

97 1322 309 1369 Corinthio,
344 1322 408 1360 sed
438 1322 511 1360 hoc
551 1321 860 1364 circumforaneo,
899 1322 1119 1359 obruerunt.
1161 1322 1211 1359 In

54 1413 57 1414 ⁷
98 1374 228 1413 Gallia
257 1388 453 1427 speramus
486 1388 564 1414 esse
596 1375 730 1413 otium.
762 1376 790 1396 “
811 1375 1086 1425 Prognostica'’
1108 1387 1210 1423 mea,

96 1442 186 1468 cum
197 1430 457 1478 oratiunculis,
471 1429 690 1482 propediem
703 1435 897 1480 exspecta:
919 1434 956 1466 et
968 1428 1213 1480 tamen,quid

95 1483 237 1533 cogites
266 1483 314 1521 de
342 1483 508 1522 adventu
537 1491 620 1531 tuo,
651 1482 772 1521 scribe
793 1482 842 1520 ad
870 1494 965 1520 nos:
995 1495 1086 1520 nam
1115 1482 1213 1520 mihi

97 1536 313 1588 Pomponia
339 1537 508 1575 nuntiari
522 1537 648 1586 jussit,
674 1543 712 1574 te
729 1548 858 1574 mense
877 1535 1045 1583 Quintili
1075 1536 1214 1574 Romae

96 1589 188 1628 fore.
218 1590 268 1628 Id
292 1604 315 1629 a
344 1591 419 1629 tuis
448 1591 579 1639 literis,
611 1603 706 1642 quas
735 1589 786 1628 ad
807 1602 870 1627 me
899 1589 946 1627 de
974 1602 1124 1627 accessu
1143 1588 1212 1628 tu''o

97 1643 266 1691 miseras,
287 1644 535 1696 discrepabat.

153 1697 283 1736 Paetus
303 1702 363 1740 (ut
382 1705 492 1736 antea
510 1698 559 1736 ad
583 1704 620 1737 te
638 1696 787 1749 scripsi)
807 1709 938 1734 omnes
956 1696 1087 1743 libros,
1114 1709 1211 1748 quos

97 1749 213 1789 frater
232 1764 323 1789 suus
342 1751 568 1803 reliquisset,
588 1752 686 1789 mihi
704 1751 870 1789 donavit.
902 1751 989 1788 Hoc
1008 1749 1110 1788 illius
1125 1762 1212 1787 mu-

96 1816 170 1843 nus
188 1804 229 1842 in
247 1804 314 1843 tua
331 1804 529 1856 diligentia
553 1806 720 1857 positum
736 1812 802 1843 est.
833 1804 874 1842 Si
892 1816 954 1841 me
972 1816 1091 1852 amas,
1123 1816 1214 1842 cura

97 1865 142 1896 ut
169 1866 447 1907 conserventur,
478 1867 515 1898 et
544 1860 593 1897 ad
622 1872 685 1897 me
712 1858 962 1910 perferantur.
999 1857 1087 1895 Hoc
1114 1857 1212 1896 mihi

98 1912 196 1950 nihil
213 1918 338 1964 potest
360 1926 438 1952 esse
457 1913 624 1965 gratius:
655 1919 705 1960 et,
726 1924 815 1950 cum
835 1912 1001 1958 Graecos,
1020 1919 1105 1948 tum
1124 1924 1214 1949 vero

97 1965 297 2017 diligenter
316 1967 490 2015 Latinos,
513 1974 559 2005 ut
587 1978 794 2014 conserves,
820 1964 962 2003 velim:
991 1971 1106 2002 tuum
1134 1977 1214 2003 esse

98 2019 170 2058 hoc
187 2021 462 2059 munusculum
480 2022 636 2072 putabo.

152 2073 222 2111 Ad
240 2073 447 2113 Octavium
474 2074 562 2113 dedi
578 2075 731 2112 literas:
762 2085 851 2111 cum
875 2071 959 2124 ipso
986 2071 1084 2110 nihil
1109 2085 1212 2110 eram

98 2126 246 2165 locutus
263 2141 273 2164 ι
303 2140 427 2179 neque
441 2128 544 2166 enim
554 2128 626 2168 ista
637 2135 704 2166 tua
715 2126 866 2178 negotia
876 2125 1121 2178 provincialia
1135 2138 1215 2165 esse

157 2181 325 2231 (Epist.)
347 2193 451 2221 vor„
475 2194 527 2220 11.
915 2191 946 2218 R
