1513 2382
177 81 257 117 262
378 79 460 117 AD
489 79 775 119 ATTICUM.
805 80 906 118 Lm.
929 79 1006 119 IV.
1039 79 1101 118 16.

175 187 314 224 lerunt.
346 187 426 225 Hic
440 187 611 235 Abdera,
631 199 708 225 non
726 194 872 226 tacente
890 199 964 225 me.
993 185 1122 234 Dices,
1142 184 1296 224 Tamen

177 248 218 278 tu
248 253 326 278 non
351 241 539 291 quiescis?
579 242 761 291 Ignosce:
801 241 866 279 vix
892 253 1073 291 possum:
1103 246 1298 278 verumta-

178 306 269 332 men
299 294 393 346 quid
421 303 500 332 tam
530 294 734 333 ridiculum
747 295 765 331 Ξ)
803 295 966 333 Senatus
989 293 1217 340 decreverat,
1246 304 1296 330 ne

179 348 285 399 prius
318 348 470 386 comitia
498 348 740 395 haberentur,
774 361 893 399 quam
919 348 984 386 lex
1012 348 1092 385 lata
1113 353 1231 384 esset:
1264 345 1296 384 si

181 402 250 453 qui
267 402 546 448 intercessisset,
566 415 624 440 res
643 402 791 452 integra
808 401 1019 440 referretur.
1051 401 1188 451 Coepta
1206 398 1297 437 ferri

181 455 339 493 leviter:
368 456 616 494 intercessum
645 468 722 493 non
747 455 901 500 invitis;
939 468 998 493 res
1021 453 1071 492 ad
1096 459 1296 492 senatum:

183 509 231 547 de
249 509 294 546 ea
312 522 352 547 re
370 510 423 547 ita
449 516 689 555 censuerunt,
710 508 863 546 comitia
880 508 1007 559 primo
1029 519 1184 559 quoque
1201 513 1301 544 tem-

183 576 275 614 pore
292 563 437 610 haberi,
458 575 538 600 esse
556 575 576 600 e
594 575 646 600 re.
676 563 855 609 Scaurus,
884 562 953 612 qui
976 569 1056 599 erat
1072 560 1203 612 paucis
1221 559 1302 598 die-

183 619 257 654 bus
275 617 351 654 illis
371 616 580 662 absolutus,
601 628 691 654 cum
709 628 778 666 ego
796 623 946 666 partem
964 615 1046 664 ejus
1062 613 1299 652 ornatissime

184 670 452 717 defendissem,
479 669 832 707 obnuntiationibus
859 682 927 720 per
949 668 1158 707 Scaevolam
1184 667 1302 704 inter-

183 724 330 774 positis,
356 723 517 774 singulis
542 723 676 762 diebus
706 735 825 773 usque
854 722 904 760 ad
927 721 1048 773 pridie
1077 721 1162 759 Cal.
1181 719 1302 759 Octo-

184 779 270 815 bres
297 781 390 828 (quo
410 790 479 828 ego
504 777 585 815 haec
610 777 672 815 die
694 774 841 827 scripsi)
870 776 1043 822 sublatis,
1066 775 1212 826 populo
1235 773 1304 811 tri-

183 831 311 869 butim
330 831 435 868 domi
454 844 531 868 suae
550 830 787 869 satisfecerat.
817 830 893 869 Sed
906 836 1049 877 tamen,
1071 828 1140 867 etsi
1153 827 1305 866 uberior

184 885 391 923 liberalitas
418 885 549 934 hujus,
577 884 719 936 gratior
747 896 826 922 esse
850 883 1050 922 videbatur
1075 894 1208 921 eorum
1237 881 1306 933 qui

186 939 429 989 occuparant.

239 992 431 1043 Cuperem
450 992 602 1030 vultum
620 991 747 1030 videre
768 999 896 1040 tuum,
917 1004 1007 1029 cum
1029 990 1113 1029 haec
1132 990 1276 1041 legeres
1290 1003 1302 1026 ι

183 1058 276 1084 nam
294 1046 461 1097 profecto
480 1045 581 1095 [rem
595 1046 712 1084 habes
730 1046 916 1096 nullam,]
937 1045 1018 1083 haec
1036 1043 1188 1095 negotia
1199 1043 1306 1081 mul-

181 1107 312 1137 {arum
341 1100 603 1138 nundinarum
637 1100 728 1138 fore.
765 1100 842 1138 Sed
870 1106 1022 1137 senatus
1045 1097 1158 1136 hodie
1181 1096 1308 1135 fuerat

183 1153 352 1200 futurus,
372 1153 413 1191 id
431 1162 500 1202 est,
522 1153 605 1191 Cal.
625 1153 858 1192 Octobribus
876 1167 887 1191 ι
913 1153 996 1202 jam
1019 1152 1122 1190 enim
1142 1150 1303 1189 luciseit.

185 1207 249 1244 Ibi
280 1207 472 1258 loquetur,
506 1215 642 1258 praeter
663 1207 832 1244 Antium
860 1214 897 1244 et
923 1206 1154 1252 Favonium,
1186 1204 1306 1242 libere

183 1273 323 1298 nemo:
353 1273 446 1298 nam
461 1261 560 1299 Cato
571 1268 750 1311 aegrotat:
773 1260 820 1298 de
833 1272 897 1298 me
910 1259 1008 1297 nihil
1022 1257 1218 1297 timueris:
1240 1256 1306 1296 sed

184 1321 314 1351 tamen
332 1315 515 1365 promitto
533 1314 642 1351 nihil.

238 1367 361 1415 Quid,
396 1368 548 1419 quaeris,
587 1368 722 1406 aliud?
769 1368 799 1406 J
800 1367 940 1415 udicia,
972 1366 1094 1405 eredo.
1134 1364 1303 1412 Drusus,

186 1421 366 1467 Scaurus,
386 1434 464 1459 non
483 1421 613 1459 fecisse
632 1422 869 1460 videbantur.
900 1421 998 1459 T-res
1017 1418 1208 1458 candidati
1226 1418 1308 1456 fore

183 1475 239 1512 rei
256 1477 508 1526 putabantur,
528 1475 725 1514 Domitius
751 1489 774 1513 a
792 1475 999 1522 Memmio,
1025 1473 1197 1512 Messala
1214 1485 1237 1510 a
1251 1471 1305 1519 Q.

183 1528 370 1579 Pompeio
390 1529 511 1577 Rufo,
532 1529 698 1568 Scaurus
717 1542 741 1567 a
759 1529 925 1576 Triario,
947 1535 1014 1566 aut
1031 1540 1055 1566 a
1075 1527 1123 1566 L.
1143 1526 1308 1565 Caesare.

182 1581 291 1629 Quid
310 1583 464 1633 poteris,
489 1583 653 1634 inquies,
681 1596 750 1635 pro
769 1583 816 1621 iis
842 1583 964 1621 dicere
977 1585 995 1621 ἓ
1025 1582 1090 1620 Ne
1109 1580 1251 1627 vivam,
1271 1579 1303 1618 si

155 1640 157 1642 ’
179 1636 269 1674 scio.
298 1637 348 1674 In
367 1637 443 1674 illis
462 1637 619 1688 quidem
637 1637 758 1675 tribus
775 1637 897 1685 libris,
925 1649 1022 1687 quos
1046 1642 1090 1673 tu
1111 1633 1302 1682 dilaudas,

182 1690 280 1727 nihil
298 1690 454 1741 reperio.
484 1691 616 1739 Nunc,
637 1698 681 1729 ut
699 1690 918 1742 opinionem
937 1691 1076 1728 habeas
1088 1700 1231 1734 rerum,
1251 1686 1308 1725 fe-

185 1744 346 1781 rendum
382 1751 448 1782 est.
493 1744 661 1792 Quaeris,
693 1757 763 1795 ego
785 1756 849 1782 me
881 1752 926 1782 ut
954 1743 1134 1795 gesserim
1152 1745 1170 1780 ἓ
1203 1739 1336 1781 Con--

183 1804 326 1836 stanter
350 1805 388 1836 et
417 1798 547 1836 libere.
586 1797 696 1845 Quid
723 1798 820 1836 ille?
857 1798 1036 1849 inquies:
1062 1804 1107 1834 ut
1128 1796 1274 1834 ferebat
1289 1796 1308 1833 ?

186 1851 447 1896 Humaniter;
483 1864 656 1902 meaeque
681 1851 893 1902 dignitatis,
920 1850 1049 1903 quoad
1077 1850 1176 1887 mihi
1200 1848 1310 1886 satis-

185 1904 334 1942 factum
353 1913 462 1952 esset,
483 1905 701 1943 habendam
721 1905 794 1943 sibi
812 1905 998 1943 rationem
1016 1905 1189 1955 putabat.
1219 1901 1313 1949 Quo

184 1958 300 1995 modo
320 1971 408 2009 ergo
427 1960 658 1998 absolutus?
698 1958 872 1998 Omnino
895 1973 1039 2008 γοργεια
1064 1972 1191 2005 γυμνα.
1226 1956 1310 1993 Ac-

185 2019 405 2050 cusatorum
433 2012 664 2051 incredibilis
695 2012 871 2060 infantia,
899 2011 941 2049 id
965 2018 1034 2059 est,
1055 2010 1105 2049 L.
1136 2008 1311 2057 Lentuli,

186 2065 237 2102 L.
267 2065 313 2102 F.
341 2079 459 2116 quem
484 2067 655 2105 fremunt
672 2078 806 2105 omnes
823 2065 1140 2118 praevaricatum3
1174 2061 1312 2100 deinde

187 2119 364 2169 Pompeii
383 2120 481 2157 mira
503 2120 722 2165 contentio;
746 2120 925 2169 judicum
947 2117 1085 2157 sordes.
1118 2117 1307 2156 Attamen

191 2172 368 2211 XXXII
381 2172 698 2220 condemnarunt,
714 2172 956 2213 XXXVIII
969 2172 1224 2210 absolverunt.
1237 2169 1263 2207 J
1270 2181 1313 2206 u-
