1513 2382
175 110 255 155 372
357 112 441 151 AD
469 111 759 154 ATTICUM.
789 113 891 153 LIB.
913 112 1040 153 VIII.
1069 114 1110 151 5.

174 218 256 257 sine
274 220 357 259 ulla
381 222 603 274 exceptione
624 222 806 274 praecidit.
847 221 962 260 Nihil
986 219 1149 273 cognovi
1171 218 1302 270 ingra-

174 273 275 311 tius:
305 274 346 312 in
366 289 443 326 quo
461 276 553 315 vitio
577 276 675 314 nihil
692 276 788 315 mali
805 288 882 315 non
900 275 1010 314 inest.
1050 274 1126 315 Sed
1152 273 1202 312 de
1228 273 1302 311 hoc

178 327 296 365 nimis
315 330 453 368 multa.

225 382 315 433 Ego
332 395 471 422 navem
490 384 642 436 paravi:
678 392 763 422 tuas
785 384 914 422 literas
939 391 1070 422 tamen
1090 387 1267 433 exspecto
1283 393 1296 426 ;

173 441 218 473 ut
237 436 367 485 sciam,
395 438 490 488 quid
508 439 759 490 respondeant
778 437 1046 477 consultationi
1070 449 1178 475 meae.
1209 435 1300 473 Sul-

173 501 289 528 mone
308 491 352 529 C.
383 491 541 529 Attium
569 493 776 543 Pelignum
805 492 997 543 aperuisse
1018 490 1189 529 Antonio
1209 501 1299 540 por-

172 549 245 591 tas,
265 557 355 582 cum
368 553 492 584 essent
505 546 676 585 cohortes
691 546 878 597 quinque,
894 546 948 593 Q.
965 544 1192 583 Lucretium
1210 541 1300 580 inde

172 596 363 649 effugisse,
385 599 480 645 scis;
510 599 674 638 Cnaeum
692 600 747 638 ire
765 599 1051 646 Brundisium3
1078 596 1300 637 Domitium

175 650 381 690 desertum.
408 653 594 692 Confecta
611 666 669 692 1·oe
690 662 758 692 est.

403 829 493 883 (5.)
531 828 748 871 CICERO
778 829 998 870 ATTICO
1028 830 1068 870 s.

228 949 331 989 Cum
351 956 439 988 ante
457 951 584 990 lucem
614 952 727 991 VIII
748 952 832 991 Cal.
861 950 990 990 literas
1008 949 1059 988 ad
1075 956 1113 988 te
1131 948 1179 987 de
1196 947 1295 987 Dio-

171 1005 280 1055 nysio
298 1003 500 1053 dedissem,
521 1007 667 1058 vesperi
690 1006 739 1044 ad
763 1019 832 1045 nos
851 1004 985 1045 eodem
1003 1003 1065 1042 die
1083 1002 1189 1042 venit
1209 1002 1294 1052 ipse

170 1056 397 1110 Dionysius,
424 1060 648 1098 auctoritate
669 1061 747 1099 *tua
776 1066 988 1111 permotuS,
1017 1065 1063 1096 ut
1094 1055 1263 1108 suspicor
1279 1070 1290 1094 ε

172 1111 268 1163 quid
287 1112 390 1150 enirn
408 1121 543 1165 putem
556 1114 662 1152 aliud
675 1117 693 1153 Ρ
723 1115 792 1153 etsi
811 1114 905 1153 solet
923 1126 1028 1161 eum,
1042 1124 1131 1151 cum
1149 1109 1297 1162 aliquid

169 1165 309 1205 furiose
326 1166 429 1216 fecit,
449 1168 642 1219 poenitere.
673 1169 890 1220 Nunquam
909 1175 1039 1206 autem
1057 1165 1191 1205 certior
1203 1164 1293 1211 fuit,

170 1233 286 1270 quam
307 1221 348 1258 in
366 1220 438 1259 hoc
457 1222 622 1272 negotio.
650 1222 758 1260 Nam
773 1222 895 1274 (quod
917 1221 967 1260 ad
985 1228 1023 1259 te
1041 1232 1118 1258 non
1137 1218 1295 1270 scripse-

168 1281 269 1321 ram)
288 1282 419 1325 postea
437 1274 583 1323 audivi,
602 1289 625 1314 a
644 1274 754 1314 tertio
772 1275 954 1314 milliario
972 1281 1059 1312 tum
1078 1286 1170 1312 eum

280 1395 910 1408 .....................
930 1370 1035 1420 ῥιψαι

277 1429 414 1460 Πολλα
430 1439 551 1472 ματ-ην
570 1438 763 1474 nepueu-mv
784 1440 820 1468 ες
835 1439 923 1474 ηερα
940 1425 1165 1475 Ξτυμῃναντα·

166 1516 305 1564 multa,
336 1516 512 1569 inquam,
543 1518 648 1556 mala
677 1531 766 1556 eum
798 1517 963 1563 dixisse;
993 1529 1062 1555 suo
1091 1517 1220 1569 capiti,
1245 1524 1291 1556 ut

167 1569 287 1609 aiunt.
319 1571 395 1610 Sed
415 1575 455 1615 (o
483 1585 611 1610 meam
635 1572 973 1611 mansuetudinem
991 1570 1025 1621 !)
1055 1572 1289 1620 conjeceram

165 1623 208 1661 in
239 1624 466 1664 fasciculum
496 1627 576 1664 una
607 1639 697 1665 cum
719 1625 787 1664 tua
811 1626 1077 1665 vehementem
1101 1625 1152 1663 ad
1175 1625 1290 1664 illum

165 1678 394 1728 epistolam:
423 1680 523 1718 hanc
547 1680 596 1719 ad
623 1693 687 1719 me
712 1680 841 1719 referri
867 1680 979 1725 vo103
1009 1691 1078 1717 nec
1096 1679 1219 1718 ullam
1238 1681 1288 1719 ob

165 1732 282 1770 aliam
300 1746 454 1772 causam
470 1734 669 1782 Pollicem,
691 1747 842 1772 servum
861 1747 884 1772 a
901 1733 1063 1785 pedibus
1077 1733 1187 1780 meis,
1208 1733 1290 1772 Ro-

164 1798 273 1824 mam
290 1787 392 1825 misi.
431 1788 493 1826 Eo
518 1796 647 1826 autem
670 1788 720 1826 ad
737 1795 775 1827 te
793 1788 937 1840 scripsi,
964 1794 1023 1836 ut,
1044 1787 1076 1825 si
1094 1787 1166 1825 tibi
1190 1787 1288 1826 forte

165 1840 315 1880 reddita
333 1848 443 1890 esset,
464 1842 561 1880 mihi
579 1855 728 1881 curares
753 1842 990 1882 referendam
1007 1855 1020 1888 ς
1049 1853 1098 1880 ne
1121 1841 1162 1879 in
1182 1841 1287 1880 illius

164 1905 303 1933 manus
321 1895 544 1946 perveniret.

220 1948 326 1987 Novi
345 1949 376 1987 si
391 1949 485 2001 quid
506 1958 616 1998 esset,
637 1950 880 2002 scripsissem.
912 1949 1067 1988 Pendeo
1085 1949 1205 1987 animi
1219 1961 1286 1987 ex-

165 2003 396 2052 spectatione
416 2002 668 2050 Corfiniensi3
698 2005 739 2042 in
758 2004 837 2056 qua
855 2004 903 2042 de
921 2005 1043 2042 salute
1066 2002 1287 2054 reipublicae

163 2055 389 2095 decernitur.
423 2057 489 2095 Tu
500 2057 740 2107 fasciculum,
756 2058 824 2110 qui
842 2065 898 2096 ωε
918 2060 946 2081 “
960 2057 1041 2096 Des
1060 2056 1124 2095 M’
1138 2055 1284 2094 Curio''

162 2108 380 2161 inscriptus,
394 2111 524 2160 velim,
545 2125 652 2151 cures
666 2112 716 2150 ad
734 2125 824 2150 eum
842 2111 1110 2164 perferendum
1126 2124 1139 2157 ;
1169 2110 1284 2148 Tiro-

164 2174 331 2214 nemque
352 2163 472 2204 Curio
497 2165 770 2211 commendem
800 2174 844 2205 ut
872 2165 921 2215 ei,
949 2172 993 2204 ut
1011 2163 1117 2218 petii,
1139 2163 1169 2204 si
1188 2163 1283 2216 quid

163 2228 259 2267 opus
278 2217 348 2258 erit
365 2219 406 2257 in
425 2226 612 2269 sumtum,
633 2227 769 2272 eroget.
