1513 2382
237 89 291 128 90
450 84 547 139 ΑΙ),
563 82 863 126 DIVERSOS.
892 84 993 124 Lrn.
1013 85 1109 125 XV.
1131 86 1170 125 4.

241 194 389 234 inimici
413 207 492 233 esse
522 207 599 233 non
624 194 777 233 audent.
809 193 951 247 Itaque
969 194 1011 233 in
1035 191 1287 247 Cappadocia
1305 205 1372 232 ex-

244 250 383 297 trema,
404 261 482 287 non
499 249 613 300 longe
632 262 655 286 a
672 248 820 298 Tauro,
841 249 947 300 apud
965 248 1152 300 oppidum
1172 247 1366 300 Cybistra,

247 311 369 342 castra
390 303 476 350 feci,
502 311 546 341 ut
574 311 612 341 et
641 303 818 342 Ciliciam
844 311 982 351 tuerer,
1013 310 1063 351 et,
1085 301 1368 354 Cappadociam

245 364 395 405 tenens,
418 370 516 395 nova
533 357 786 395 finitimorum
805 357 965 395 consilia
979 357 1219 408 impedirem.
1232 364 1248 397 3.

301 411 467 458 Interea,
498 411 539 448 in
567 411 641 449 hoc
670 418 776 449 tanto
807 418 931 456 motu,
962 411 1370 463 tantaquegexspecta-

245 465 350 504 tione
379 465 541 502 maximi
570 465 677 511 belli,
708 477 777 502 rex
803 464 1022 515 Deiotarus,
1057 465 1152 517 (cui,
1181 477 1258 502 non
1288 464 1370 504 sine

247 520 378 565 causa,
409 519 624 571 plurimum
643 531 806 570 semper,
831 527 869 557 et
890 531 977 557 meo
1000 526 1038 557 et
1065 527 1133 557 tuo
1159 526 1197 557 et
1218 521 1371 557 senatis

244 573 404 623 judicio,
425 573 615 611 tributum
641 571 714 621 est)
748 572 820 620 vir,
841 585 929 610 cum
954 573 1218 611 benevolentia
1239 580 1278 610 et
1294 572 1371 610 fide

246 640 337 678 erga
347 627 539 678 populum
558 627 784 664 Romanurn
805 626 1004 676 singulari,
1024 634 1111 665 tum
1133 625 1367 678 [praestanti]

247 680 516 731 magnitudine
530 687 567 718 et
586 680 705 718 animi
721 688 758 718 et
772 680 933 726 consilii,
948 681 1091 731 legatos
1105 681 1155 718 a‘i
1169 693 1232 718 me
1250 680 1370 728 misit,

249 747 289 773 se
307 747 397 772 cum
416 734 594 773 omnibus
614 734 690 772 suis
705 734 822 785 copiis
840 734 880 772 in
894 746 982 772 mea
999 741 1120 773 castra
1137 747 1217 773 esse
1234 741 1372 773 ventu-

248 801 349 826 rum.
382 786 507 837 Cujus
536 801 605 839 ego
631 787 759 826 studio
778 788 978 840 officioque
997 796 1225 835 commotus,
1247 788 1307 839 egi
1335 788 1370 826 ei

247 855 318 893 per
346 841 473 880 literas
504 842 674 893 gratiasq,
715 841 832 893 idque
860 850 905 880 ut
940 850 1164 891 maturaret,
1197 842 1372 881 hortatus

253 909 352 934 sum.

305 950 410 989 Cum
440 956 569 989 autem
596 950 645 989 ad
665 950 856 1002 Cybistra,
878 958 1032 1003 propter
1054 951 1241 990 rationem
1262 951 1369 998 belli,

250 1004 423 1056 quinque
442 1004 521 1043 dies
536 1017 656 1043 essem
675 1013 871 1051 moratus;
901 1018 1030 1057 regem
1048 1006 1367 1052 Ariobarzanem,

248 1059 360 1108 cujus
385 1059 548 1096 salutem
570 1072 593 1096 a
621 1066 769 1106 senatu,
804 1067 841 1097 te
870 1067 1035 1107 auctore,
1063 1060 1370 1098 commendatam

246 1111 452 1159 habebam,
479 1112 728 1163 praesentibus
756 1113 902 1151 insidiis
927 1113 1236 1164 nec-opinantem
1271 1113 1368 1152 libe-

248 1165 355 1203 ravi:
385 1177 510 1217 neque
540 1165 665 1204 solum
688 1166 722 1203 ei
750 1167 864 1204 saluti
884 1166 956 1214 fui,
980 1167 1050 1205 sed
1078 1167 1195 1206 etiam
1223 1168 1367 1216 curavi,

247 1227 293 1257 ut
307 1233 397 1258 cum
411 1219 631 1257 auctoritate
649 1228 834 1270 regnaret.
863 1221 1049 1268 Metram,
1070 1228 1107 1259 et
1125 1234 1229 1269 eum,
1249 1235 1367 1274 quem

248 1279 292 1310 tu
322 1273 523 1324 diligenter
554 1273 651 1311 mihi
676 1275 977 1323 commendatas,
1008 1275 1259 1324 Athenaeum,
1290 1277 1367 1316 im-

246 1328 480 1379 portunitate
516 1327 748 1366 Athenaidis
789 1329 922 1366 exsilio
957 1329 1152 1377 multatos,
1190 1331 1365 1369 maxima

247 1381 353 1432 apud
381 1394 510 1432 regem
539 1382 759 1421 auctoritate
782 1383 981 1434 gratiaque
1009 1383 1199 1421 constitui.
1240 1384 1363 1424 Cum-

247 1448 322 1486 que
340 1448 528 1486 magnum
552 1436 699 1474 bellum
724 1436 765 1474 in
785 1437 1028 1488 Cappadocia
1046 1437 1308 1486 concitaretur,
1329 1440 1362 1478 si

247 1489 418 1527 sacerdos
443 1489 559 1528 armis
585 1502 623 1528 se
645 1491 768 1541 (quod
785 1490 955 1529 facturus
985 1493 1212 1542 putabatur)
1229 1492 1361 1532 defen-

247 1542 366 1590 deret,
386 1543 616 1591 adolescens,
647 1553 684 1582 et
703 1545 875 1596 equitatu
895 1552 932 1583 et
949 1545 1120 1596 peditatu
1139 1554 1177 1584 et
1200 1548 1364 1598 pecunia

246 1604 416 1648 paratus,
450 1596 507 1646 [et
536 1604 615 1636 toto
640 1598 706 1651 iis]
731 1599 799 1650 qui
826 1599 958 1637 novari
987 1599 1134 1651 aliquid
1158 1601 1362 1650 volebant3

247 1651 402 1702 perfeci,
423 1659 468 1689 ut
487 1664 507 1690 e
536 1664 652 1703 regno
679 1653 744 1691 ille
768 1652 998 1698 discederet;
1029 1667 1182 1706 rexque,
1204 1655 1285 1695 sine
1303 1664 1365 1695 tu-

247 1705 377 1743 multu
396 1719 440 1744 ac
458 1705 538 1744 sine
560 1706 689 1752 armis,
709 1707 815 1746 omni
833 1708 1056 1746 auctoritate
1073 1709 1172 1747 aulae
1190 1722 1364 1750 commu-

248 1759 345 1806 nita,
365 1772 530 1811 regnum
547 1773 637 1799 cum
656 1761 841 1812 dignitate
858 1762 1055 1800 obtineret„

304 1811 456 1852 Interea
487 1815 646 1865 cognovi
674 1816 888 1854 multorum
919 1816 1037 1855 literis
1062 1824 1178 1869 atque
1206 1819 1366 1868 nuntiis,

249 1879 410 1918 magnas
435 1868 668 1907 Parthorum
697 1870 823 1922 copias
844 1878 882 1908 et
908 1870 1089 1909 Arabum
1113 1871 1163 1909 ad
1180 1873 1368 1924 oppidum

250 1921 500 1960 Antiochiam
529 1923 736 1972 accessisse,
763 1937 1028 1976 magnumque
1057 1939 1190 1964 eorum
1222 1927 1371 1978 equita-

249 1981 349 2022 tum,
370 1976 438 2026 qui
455 1976 496 2013 in
515 1976 692 2016 Ciliciam
706 1980 914 2027 transisset,
935 1980 983 2017 ab
1003 1980 1177 2030 equitum
1195 1992 1372 2022 meorum

248 2028 398 2075 turmis,
427 2036 464 2067 et
481 2043 504 2068 a
529 2031 681 2070 cohorte
703 2033 894 2084 praetoria,
915 2046 1002 2084 quae
1028 2041 1107 2072 erat
1133 2034 1367 2086 Epiphaniae

246 2082 413 2134 praesidii
431 2084 560 2132 causa,
581 2086 772 2125 occidione
790 2087 968 2126 occisum.
998 2086 1144 2136 Quare,
1157 2101 1247 2127 cum
1262 2090 1367 2129 vide-

246 2149 343 2183 rem,
374 2150 397 2174 a
423 2137 665 2189 Cappadocia
697 2141 927 2180 Parthorum
958 2141 1083 2194 copias
1112 2156 1260 2181 aversas
1288 2157 1365 2184 non

243 2190 356 2242 longe
389 2204 412 2230 a
440 2191 582 2232 finibus
613 2207 690 2233 esse
720 2195 879 2244 Ciliciae,
907 2208 1025 2248 quam
1050 2196 1159 2248 potui
1184 2198 1364 2237 maximis
