1513 2382
390 83 473 122 AD
500 84 579 122 AT
582 83 782 123 TICUM.
813 83 912 122 L113.
934 85 984 123 V.
1014 86 1078 123 20.
1207 86 1281 123 291

175 189 338 229 cohortis
351 191 536 240 ejusdem,
552 198 589 230 et
607 192 695 230 Sex.
716 190 926 237 Lucilium,
940 189 987 229 T.
1005 191 1118 230 Gavii
1137 192 1286 243 Caepio-

175 243 247 292 nis,
267 244 464 295 locupletis
497 252 535 282 et
563 244 752 295 splendidi
780 243 958 289 hominis,
989 245 1128 292 filium,
1163 246 1287 284 tribu-

173 308 270 335 num
287 298 468 336 militum.
497 298 596 336 Sane
610 299 764 350 plagam
782 297 951 335 odiosam
969 306 1174 349 acceperat,
1195 312 1285 337 cum

174 362 228 399 re,
248 357 332 388 tum
351 359 531 402 tempore.

227 404 312 442 Nos
332 404 602 443 Pindenissum
619 405 744 456 (quod
769 405 955 456 oppidum
982 405 1285 444 munitissimum

172 457 535 497 Eleutherocilicum
563 459 738 497 omnium
767 459 952 497 memoria
972 459 1013 497 in
1031 459 1147 497 armis
1175 459 1251 497 fuit
1269 474 1282 506 ς

171 506 253 549 feri'
266 511 440 550 homines
460 520 496 551 et
514 525 628 561 acres,
642 520 679 550 et
689 512 868 551 omnibus
881 515 994 551 rebus
1009 512 1058 551 ad
1071 512 1278 551 defenden-

171 564 267 603 dum
286 566 427 627 parati)
448 566 638 605 cinximus
663 567 762 604 vallo
787 574 824 604 et
851 566 974 605 fossa.
965 581 975 590 ·
1005 579 1141 617 aggere
1158 567 1284 605 maxi-

170 630 250 685 mo,
271 619 403 668 vineis,
434 627 536 658 turre
555 619 751 667 altissima,
771 621 914 671 magna
930 627 1207 658 tormentorum
1221 633 1285 658 co-

169 671 249 733 pia,
265 673 397 712 multis
412 674 625 735 sagittariis,
646 686 786 724 magno
804 674 945 735 labore,
965 681 1165 734 apparatu,
1180 675 1284 712 mul-

170 726 219 763 tis
238 727 372 765 sauciis
390 728 540 775 nostris,
560 727 743 766 incolumi
767 728 948 776 exercitu,
974 728 1172 778 negotium
1194 740 1284 766 con-

170 779 342 818 fecimus.
372 781 511 819 Hilara
535 793 624 819 sane
643 781 870 820 Saturnalia.
900 781 1095 819 Militibus
1114 794 1282 832 quoque,

171 833 277 884 equis
296 835 475 886 exceptis,
495 835 682 886 reliquam
692 835 860 886 praedam
872 835 1135 873 concessimus.
1164 835 1285 872 Man-

169 886 270 938 cipia
297 888 476 927 venibant
504 888 769 927 Saturnalibus
787 889 919 927 tertiis.
959 888 1061 927 Cum
1085 889 1168 926 haec
1192 889 1282 927 scri-

171 941 325 989 bebam,
345 942 385 979 in
403 942 586 980 tribunali
603 955 661 980 res
680 949 759 980 erat
777 942 826 980 ad
838 943 910 981 HS
930 941 1062 981 CXX.
1092 942 1198 980 Hinc
1215 955 1285 981 ex-

170 995 331 1032 ercitum
358 995 399 1033 in
430 995 590 1034 hiberna
619 995 700 1046 agri
729 995 831 1033 male
860 996 984 1047 pacati
1015 995 1282 1034 deducendum

169 1047 319 1095 Quinto
343 1049 451 1087 fratri
482 1049 633 1087 dabam.
674 1048 765 1100 Ipse
788 1061 851 1087 me
869 1049 1098 1087 Laodiceam
1127 1050 1284 1101 recipie-

169 1102 273 1139 bam.
300 1102 398 1141 Haec
415 1102 564 1141 adhuc.
595 1103 659 1140 sed
681 1103 730 1140 ad
748 1103 938 1154 praeterita
954 1111 1200 1141 revertamur.

224 1155 343 1203 Quod
371 1169 436 1195 me
463 1157 634 1195 maxime
662 1156 838 1205 hortaris,
869 1164 906 1195 et
926 1157 1049 1209 (quod
1077 1157 1199 1208 pluris
1226 1164 1282 1196 est

167 1221 287 1260 quam
305 1209 453 1259 omnia)
484 1211 525 1248 in
563 1223 640 1262 quo
676 1211 838 1258 laboras,
871 1218 917 1248 ut
952 1211 1066 1248 etiam
1092 1210 1281 1261 Ligurino

167 1278 288 1312 μωμῳ
307 1264 562 1310 satisfaciam3
591 1264 745 1312 moriar,
765 1264 798 1302 si
815 1264 1028 1325 quidquam
1050 1264 1132 1302 fieri
1158 1271 1283 1315 potest

168 1316 389 1367 elegantius.
418 1319 531 1356 Nec
516 1330 599 1367 Jam
617 1330 688 1369 ego
705 1318 804 1356 hanc
823 1318 1095 1356 continentiam
1113 1319 1279 1384 appello,

168 1382 256 1420 quae
280 1370 400 1409 virtus
424 1371 612 1422 voluptati
630 1371 800 1409 resistere
818 1371 978 1409 videtur.
1017 1371 1119 1422 Ego,
1139 1373 1180 1408 in
1203 1372 1282 1410 vita

167 1424 269 1472 mea,
297 1425 407 1463 nulla
434 1436 609 1475 unquam
639 1425 833 1475 voluptate
863 1425 971 1462 tanta
995 1437 1082 1462 sum
1110 1424 1280 1474 affectus,

167 1478 314 1528 quanta
332 1477 472 1516 afficior
496 1478 568 1515 hac
594 1477 833 1528 integritate:
863 1490 933 1516 nec
963 1490 1027 1515 me
1052 1485 1132 1515 tam
1161 1478 1280 1527 fama,

169 1544 257 1582 quae
275 1544 427 1570 summa
445 1538 513 1579 est,
529 1543 648 1582 quam
666 1544 724 1569 res
735 1531 830 1583 ipsa,
846 1531 1016 1570 delectat.
1047 1531 1156 1578 Quid
1174 1545 1280 1583 quae„

169 1584 220 1622 ris
236 1586 254 1622 ἓ
281 1585 357 1623 fuit
375 1585 493 1623 tanti:
523 1597 587 1622 me
603 1584 684 1637 ipse
701 1597 779 1623 non
800 1586 934 1622 nbram
951 1599 964 1631 ς
992 1596 1062 1623 nec
1081 1585 1170 1623 satis
1189 1586 1282 1624 scie-

169 1639 274 1687 bam,
295 1638 389 1690 quid
416 1639 457 1676 in
474 1638 557 1676 *hoc
584 1651 721 1689 genere
751 1638 872 1677 facere
895 1651 1069 1689 possem:
1099 1646 1197 1677 recte
1215 1655 1281 1677 πε-

170 1699 370 1741 φυσιωμαι.
398 1692 512 1730 Ν11111
526 1699 581 1730 est
594 1692 822 1743 praeclarius.
843 1691 1003 1730 Interim
1018 1692 1099 1730 haec
1110 1699 1280 1743 λαμπρσ.

222 1745 501 1784 Ariobarzanes
519 1746 634 1797 opera
651 1747 739 1784 mea
753 1746 859 1793 vivit,
879 1753 1023 1796 regnat.
1054 1752 1098 1782 Εν
1125 1747 1277 1795 παροὸῳ,

167 1799 324 1837 consilio
356 1807 393 1838 et
420 1800 656 1847 auctoritate,
683 1808 720 1837 et
757 1800 860 1851 quod
888 1799 1169 1837 insidiatoribus
1194 1801 1278 1850 ejus

169 1867 364 1903 απροσιτον
375 1866 451 1903 me,
468 1866 544 1891 non
557 1853 672 1891 modo
688 1853 958 1904 αὸωροὸοκητον,
968 1853 1128 1904 praebui‚
1149 1865 1278 1904 regem

166 1917 406 1959 regnumque
430 1907 586 1946 servavi.
615 1907 767 1946 Interea
785 1919 806 1944 e
824 1906 1064 1958 Cappadocia
1085 1919 1134 1944 ne
1151 1907 1277 1958 pilum

165 1959 347 2009 quidem:
379 1968 494 2013 atque
521 1961 635 1999 etiam
663 1974 786 2012 spero,
809 1967 888 1998 toto
907 1973 1006 1999 anno
1024 1961 1174 2011 imperii
1191 1973 1278 2000 nos-

166 2012 230 2060 tri,
267 2015 479 2054 teruncium
514 2017 662 2053 sumtus
698 2015 738 2051 in
775 2014 968 2064 provincia
997 2015 1148 2052 nullum
1186 2015 1277 2054 fore.

167 2064 337 2105 Brutum
356 2070 562 2118 abjectum,
582 2076 770 2132 quantum
795 2068 916 2118 potui,
947 2068 1131 2106 excitavi:
1162 2082 1279 2119 quem

165 2131 241 2156 non
267 2122 394 2160 minus
425 2135 526 2167 am0‚
554 2134 670 2173 quam
710 2130 778 2167 ως
808 2134 915 2172 paene
948 2122 1041 2168 dixi,
1081 2135 1198 2172 quam
1233 2130 1280 2160 te.

165 2172 297 2213 Habes
316 2176 454 2214 omnia.
