1513 2382
445 489 516 535 M.
542 487 767 537 TULLII
807 486 1161 535 CICERONIS

527 614 1085 669 EPISTOLARUM

599 750 682 788 AD
711 749 995 790 DIVERSOS

659 893 813 931 LIBER
835 891 953 931 XVI.

732 1054 881 1084 4-

259 1214 275 1264 (
293 1210 346 1261 l.)
368 1211 427 1250 M.
440 1210 489 1249 T.
505 1208 550 1250 C.
572 1209 649 1249 ET
665 1208 878 1250 CICERO
898 1209 1071 1254 MEUS,
1089 1208 1165 1248 ET
1184 1210 1269 1250 FR.
1291 1210 1367 1250 ET

418 1264 663 1304 FRATRIS
683 1264 790 1303 FIL.
807 1263 1012 1303 TIRONI
1033 1265 1072 1304 S.
1089 1264 1135 1313 P.
1149 1264 1204 1312 D.

312 1375 634 1424 (Argumentum.
647 1394 699 1401 —
710 1373 835 1411 Suum
847 1371 1075 1411 desiderium
1089 1372 1241 1420 Tironi,
1253 1385 1371 1424 quem

260 1428 384 1467 Patris
403 1435 589 1478 aegrotum
606 1426 822 1477 reliquerat,
835 1438 924 1464 cum
943 1439 991 1465 ex
1008 1426 1202 1478 provincia
1212 1426 1372 1466 domum

260 1482 344 1531 het,
365 1481 582 1533 significat.)

317 1589 441 1628 Paulo
469 1589 617 1628 facilius
646 1589 779 1640 putavi
800 1601 909 1640 posse
933 1601 995 1626 me
1021 1589 1118 1627 ferre
1143 1587 1374 1627 desiderium

262 1643 347 1689 tui3
377 1643 443 1682 sed
460 1644 574 1695 plane
595 1655 672 1681 non
696 1642 799 1680 fero:
830 1649 881 1689 et,
901 1655 1138 1694 quamquam
1165 1642 1297 1693 magni
1325 1642 1375 1680 ad

262 1697 446 1736 honorem
464 1704 638 1735 nostrum
655 1696 822 1744 interest,
835 1709 953 1747 quam
971 1696 1141 1747 primum
1161 1695 1210 1734 ad
1227 1696 1377 1735 Urbem

264 1763 328 1789 me
347 1751 486 1799 venire,
507 1758 635 1788 tamen
653 1749 827 1801 peccasse
844 1750 940 1788 mihi
959 1750 1101 1798 videor,
1121 1749 1190 1801 qui
1208 1763 1232 1788 a
1243 1757 1282 1788 te
1299 1749 1377 1788 dis-

263 1804 447 1843 cesserim.
488 1804 577 1852 Sed,
608 1804 699 1855 quia
723 1810 790 1841 tua
808 1804 982 1842 voluntas
1008 1817 1052 1841 ea
1069 1803 1266 1841 videbatur
1285 1816 1378 1851 esse,

262 1866 306 1896 ut
324 1871 491 1909 prorsus,
518 1857 590 1896 nisi
609 1858 830 1896 confirmato
854 1870 1020 1908 corpore,
1040 1857 1159 1895 nolles
1185 1857 1378 1908 navigare,

263 1911 472 1963 approbavi
490 1919 602 1949 tuum
621 1910 849 1957 consilium3
878 1923 1002 1962 neque
1020 1922 1122 1948 nunc
1135 1917 1258 1958 muto,
1285 1911 1317 1949 si
1334 1918 1379 1949 tu

264 1965 304 2003 in
325 1965 457 2003 eadem
477 1978 514 2003 ὅ
533 1964 728 2003 sententia.
760 1964 829 2003 Sin
848 1972 992 2012 autem,
1022 1971 1151 2016 postea
1180 1976 1299 2014 quam
1325 1964 1378 2002 ci-

264 2020 360 2057 bum
389 2018 534 2069 cepisti,
565 2018 700 2057 videris
729 2017 798 2057 tibi
828 2031 934 2070 posse
961 2031 1023 2057 me
1048 2017 1240 2069 consequi,
1264 2026 1378 2056 tuum

264 2072 463 2110 consilium
483 2079 550 2110 est.

321 2125 540 2163 Marionem
554 2125 602 2163 ad
622 2133 657 2164 te
677 2139 720 2164 eo
739 2126 840 2173 misi,
854 2133 898 2164 ut
909 2133 974 2164 aut
986 2132 1111 2164 tecum
1123 2125 1172 2164 ad
1183 2137 1246 2163 me
1260 2137 1378 2176 quam

264 2179 434 2231 primum
450 2179 605 2228 veniret,
616 2187 695 2227 aut,
706 2179 736 2218 si
751 2188 793 2218 tu
805 2192 1006 2229 morarerc,
1015 2179 1142 2218 statim
1158 2178 1205 2219 ad
1220 2191 1283 2218 me
1297 2178 1381 2217 red-
