1513 2382
237 88 317 126 348
427 85 510 124 AD
539 85 825 126 ATTICUM.
853 85 953 125 LIB-
974 86 1074 127 VII.
1105 87 1167 125 12.

239 194 420 246 populus,
433 193 501 246 qui
520 194 634 233 totius
648 195 790 246 negotii
809 202 929 233 status
945 209 956 233 z
987 207 1043 243 ea,
1063 193 1194 243 velim,
1208 193 1348 233 scribas

239 248 291 286 ad
310 260 387 293 me,
406 255 444 286 et
473 247 643 300 quidem,
669 249 853 300 quoniam
875 248 1078 287 mutabilia
1100 254 1204 297 sunt,
1229 258 1348 300 quam

241 302 458 352 saepissime.
486 302 700 354 Aequiesco
725 303 828 342 enim
849 310 888 341 et
909 303 1073 342 scribens
1097 302 1146 342 ad
1164 309 1216 353 te,
1236 309 1276 340 et
1293 301 1349 340 le-

233 367 335 406 gens
354 362 431 394 tua.
628 373 631 375 ·

458 514 574 568 (12.)
605 516 816 556 CICERO
843 516 1063 557 ATTICO
1091 518 1133 557 S,
1205 528 1216 547 2

270 624 432 662 Unam
461 623 586 662 adhuc
616 637 639 662 a
667 630 705 662 te
734 625 933 675 epistolam
965 637 1195 677 acceperam,
1226 625 1352 665 datam

246 676 335 716 XII
367 676 451 716 Cal.
483 677 524 715 in
547 692 625 729 qua
654 678 949 729 significabatur,
979 679 1096 717 aliam
1123 686 1161 718 te
1181 687 1269 718 ante
1290 680 1357 719 do-

242 731 359 777 disse,
380 744 498 792 quam
521 744 597 770 non
627 744 854 783 acceperam.
885 732 961 771 Sed
986 746 1127 785 quaeso,
1151 740 1195 771 ut
1220 734 1358 773 scribas

246 798 366 836 quam
384 785 604 847 saepissime,
622 797 700 823 non
718 786 832 824 modo
850 786 881 824 si
899 786 993 838 quid
1020 787 1111 826 scies
1138 794 1205 825 aut
1229 787 1358 826 audie-

247 839 313 885 ris,
336 838 401 877 sed
420 839 533 877 etiam
553 840 584 877 si
604 839 697 891 quid
715 840 966 890 suspicabere,
985 841 1244 892 maximeque,
1264 841 1358 893 quid

249 893 359 930 nobis
387 892 607 931 faciendum
635 900 702 930 aut
725 905 803 931 non
831 893 1048 932 faciendum
1076 902 1200 946 putoe.
1237 894 1358 943 Nam,

250 946 356 1007 quod
384 959 506 997 rogas,
538 959 666 985 curem
695 954 739 984 ut
775 947 868 985 scias
900 947 994 999 quid
1021 948 1228 999 Pompeius
1256 955 1358 999 agat,

250 1012 300 1061 ne
317 1000 446 1050 ipsum
458 1000 614 1051 quidem
629 1000 721 1039 scire
731 1008 854 1052 puto3
882 1003 1055 1040 nostrum
1069 1002 1225 1054 quidem
1236 1014 1362 1040 nemo.

271 1053 401 1092 Vidi
414 1054 627 1092 Lentulum
643 1055 835 1093 consulem
848 1055 1011 1094 Formiis
1030 1055 1072 1093 X
1094 1053 1178 1095 Cal.
1194 1055 1274 1093 vidi
1291 1049 1361 1094 Li-

252 1109 415 1146 bonem:
454 1108 569 1159 plena
600 1108 746 1146 timoris
777 1116 815 1146 et
844 1109 976 1147 erroris
1007 1109 1148 1147 omnia.
1188 1109 1263 1147 Ele
1290 1109 1362 1148 ᾔει

254 1162 467 1200 Larinum:
497 1161 551 1200 ibi
571 1162 673 1200 enim
692 1162 873 1211 cohortes,
890 1170 927 1200 et
945 1163 1131 1209 Lueeriae‚
1144 1170 1183 1201 et
1199 1161 1363 1212 Theaua,

252 1215 476 1266 reliquaque
489 1216 530 1253 in
547 1215 710 1267 Apulia.
736 1216 834 1254 Inde
848 1224 980 1254 utrum
999 1216 1198 1255 consistere
1214 1216 1367 1268 uspiam

254 1269 360 1317 velit,
389 1281 440 1306 an
458 1281 562 1307 mare
583 1269 755 1316 transire,
775 1269 951 1307 noscitur.
980 1269 1023 1308 Si
1039 1277 1193 1315 manet3
1223 1282 1365 1317 vereor,

255 1335 303 1361 ne
321 1321 530 1361 exercitum
554 1322 712 1360 firmum
741 1322 879 1361 habere
897 1335 973 1361 non
991 1322 1120 1374 possit.
1150 1322 1218 1361 Sin
1247 1323 1365 1362 disoe-

255 1376 338 1421 dit‚
327 1391 337 1400 ·
379 1388 471 1426 qu0‚
503 1382 569 1413 aut
599 1376 690 1427 qua,
722 1384 788 1414 aut
821 1375 916 1428 quid
942 1377 1052 1415 nobis
1081 1375 1274 1437 agendum
1302 1377 1365 1426 sit,

254 1429 390 1468 nescio.
422 1429 528 1466 Nam
546 1429 663 1467 istum
678 1430 848 1480 quidem,
869 1431 978 1479 cujus
995 1436 1225 1480 φαλαρισμον
1237 1430 1363 1479 times,

255 1483 385 1521 omnia
415 1482 604 1520 teterrime
639 1483 830 1521 facturum
858 1491 976 1534 puto:
1017 1495 1086 1521 nec
1115 1494 1205 1520 eum
1235 1496 1364 1522 rerum

254 1536 428 1598 prolatio,
448 1549 517 1574 nec
531 1538 680 1574 senatus
697 1538 1068 1588 magistratuumque
1085 1535 1367 1603 discessus-,nec

253 1591 432 1628 aerarium
451 1590 637 1637 clausum,
658 1591 834 1628 tardabit.

311 1644 387 1683 Sed
404 1643 485 1682 haec
516 1645 580 1696 (nt
599 1644 743 1691 scribis)
769 1645 842 1682 cito
860 1643 1035 1682 sciemus.
1065 1642 1227 1682 Interim
1252 1644 1367 1683 velim

256 1697 356 1736 mihi
385 1697 492 1747 ignos
476 1710 570 1743 scas,
593 1697 698 1748 quod
722 1697 772 1735 ad
791 1705 829 1736 te
854 1697 975 1736 scribo
999 1704 1081 1735 tam
1103 1697 1228 1735 multa
1245 1697 1366 1736 toties.

247 1751 470 1803 .Acquiesco
500 1751 617 1799 enim,
649 1758 686 1789 et
707 1758 791 1789 tuas
814 1751 901 1789 volo
925 1751 1055 1789 elicere
1077 1750 1219 1800 literas,
1247 1751 1372 1790 maxi-

260 1817 400 1856 meque
417 1804 632 1852 eonsilium,
653 1804 747 1856 quid
767 1817 894 1856 agam,
915 1814 982 1843 aut
1000 1817 1077 1856 quo
1097 1816 1162 1842 me
1179 1811 1289 1856 pacto
1306 1817 1373 1855 ge-

261 1871 373 1896 ram·
361 1887 373 1903 ‚
403 1857 651 1896 demittamne
669 1871 739 1896 me
756 1859 906 1909 penitus
923 1858 965 1896 ιιι
984 1869 1135 1896 causam
1149 1857 1167 1893 Ρ
1196 1858 1238 1896 N
1239 1870 1288 1896 on
1306 1857 1372 1896 de-

253 1919 404 1950 terreor
431 1911 613 1962 periculo,
639 1911 706 1950 sed
728 1911 933 1963 dirumpor
960 1911 1103 1950 dolore.
1131 1910 1234 1949 Tam
1264 1911 1373 1950 nullo

263 1965 433 2012 consilio,
460 1972 527 2003 aut
543 1972 624 2002 tam
643 1971 772 2003 contra
789 1978 922 2003 meum
939 1964 1154 2013 consilium,
1173 1970 1279 2015 gesta
1296 1976 1375 2002 esse

262 2018 419 2056 omnia!
452 2018 517 2056 An
529 2025 681 2056 cuncter
699 2026 736 2056 et
750 2018 982 2070 tergiverser,
996 2025 1034 2056 et
1046 2018 1167 2056 iisme
1184 2017 1286 2066 dem,
1307 2017 1376 2068 qui

264 2077 405 2114 tenent⁶
433 2072 502 2123 qui
525 2072 756 2122 potiuntur?
786 2079 825 2108 Aa
815 2072 951 2120 ιδεομαι
973 2077 1123 2121 Τρωας·
1152 2083 1222 2110 nec
1250 2070 1372 2109 solum

263 2124 368 2171 civis,
389 2125 454 2162 sed
483 2125 597 2163 etiam
619 2125 745 2174 amici,
768 2124 899 2164 officio
919 2137 1096 2172 revomi-3
1125 2123 1196 2164 etsi
1222 2122 1378 2175 frangor

262 2183 366 2229 ‘saepe
385 2177 641 2218 misericordia
659 2190 878 2231 puerorum.
