1513 2382
294 117 378 157 AD
406 117 702 158 DIVERSOS.
733 118 832 157 LIB.
862 117 987 158 XIII.
1020 116 1084 159 71.
1197 117 1250 161 57

135 224 201 263 nia
217 236 258 263 se
279 225 462 278 adeptum
487 225 742 264 arbitrabitur.
771 225 829 265 Ut
844 225 962 277 igitur
979 239 1069 266 eum
1094 224 1251 276 recipias

132 278 174 316 in
192 277 322 327 fidem,
342 279 582 330 habeasque
573 291 612 316 m
631 292 792 317 numero
805 287 976 327 tuorum,
996 288 1035 318 te
1049 278 1251 317 vehemen-

133 340 193 370 ter
210 332 325 371 etiam
342 340 457 384 atque
476 333 589 370 etiam
604 346 707 383 rogo.
737 333 838 384 Ego,
860 346 946 384 quae
963 341 1001 372 te
1014 330 1127 377 velle,
1145 345 1250 382 quae-

134 398 209 436 que
221 385 271 423 ad
282 393 320 424 te
330 386 516 438 pertinere
527 386 750 436 arbitrabor,
764 387 893 426 omnia
908 387 1073 426 studiose
1088 385 1250 436 diligen-

133 446 267 491 terque
284 441 436 478 curabo.
466 440 576 478 Vale.

159 597 270 647 (70.)
298 597 358 636 M.
373 598 421 637 T.
437 597 486 638 C.
517 598 563 637 P.
595 597 882 692 SsEi’UgLIO'
914 596 1219 645 COLLEGAE,

198 762 521 812 (Argumentum.
542 787 596 795 —
613 762 730 801 Balbi
765 762 944 801 libertum
985 759 1251 800 Menandrum

137 815 411 866 commendat.)

190 922 295 971 Quia
312 935 389 961 non
409 930 463 961 est
481 925 640 962 obscura
666 930 734 961 tua
751 923 791 960 in
810 935 872 960 me
896 920 1170 969 benevolentia,
1200 920 1254 959 sic

136 976 194 1025 fit,
207 984 251 1015 ut
264 977 378 1014 multi
396 990 464 1028 per
482 990 544 1015 me
563 977 633 1015 tibi
651 977 768 1015 velint
787 976 1055 1014 commendari.
1084 975 1172 1025 Ego
1183 987 1252 1012 au-

134 1037 215 1068 tem
233 1030 359 1068 tribuo
377 1043 657 1081 nonnunquam
679 1030 719 1067 in
739 1030 901 1080 vulgus;
932 1029 998 1067 sed
1023 1029 1254 1080 plerumque

132 1083 364 1131 necessariis,
396 1092 440 1121 ut
469 1084 540 1122 hoc
569 1092 766 1134 tempore.
796 1095 887 1120 nam
910 1094 998 1121 cum
1025 1082 1075 1119 T.
1102 1081 1252 1132 Ampio

132 1137 259 1176 Balbo
277 1137 374 1174 mihi
393 1150 545 1175 summa
573 1137 810 1175 familiaritas
838 1135 1149 1185 necessitudoque
1179 1141 1247 1172 est.

131 1190 232 1240 Ejus
250 1190 445 1238 libertum,
466 1191 517 1228 T.
539 1191 733 1242 Ampium
752 1190 1030 1237 Menandrum,
1050 1188 1248 1226 hominem

130 1244 234 1295 frugi
253 1251 289 1282 et
306 1244 537 1292 modestum,
567 1252 604 1282 et
626 1252 785 1295 patrono
815 1251 852 1282 et
880 1243 989 1281 nobis
1008 1242 1250 1280 vehementer

130 1299 350 1349 probatum,
369 1298 439 1335 tibi
458 1298 683 1336 commendo
701 1298 886 1347 majorem
904 1297 944 1334 in
963 1296 1136 1334 modum.
1167 1295 1249 1333 Ve-

130 1351 325 1389 hementer
343 1352 440 1389 mi'm
458 1360 611 1402 gratum
630 1351 776 1399 feceris,
798 1351 842 1398 si,
864 1350 1171 1401 quibuscumque
1188 1361 1248 1386 re-

131 1406 205 1444 bus
223 1404 304 1443 sine
322 1405 390 1442 tua
408 1405 581 1443 molestia
599 1405 752 1466 poteris,
774 1404 808 1442 ei
832 1403 1098 1442 commodaris.
1130 1401 1249 1450 Quod

130 1465 176 1551 list
203 1458 333 1506 facias,
367 1465 405 1497 te
432 1459 674 1498 vehementer
700 1459 815 1497 etiam
847 1465 963 1509 atque
996 1457 1112 1496 etiam
1141 1468 1247 1507 rogo.

173 1512 245 1551 ale.

159 1667 272 1720 (71.)
302 1669 364 1708 M.
380 1670 430 1708 T.
448 1670 494 1710 c.
524 1671 570 1709 P.
598 1668 888 1764 52:13⁷le
918 1666 1218 1714 confflem,

187 1830 578 1883 (Argumentum...-
592 1831 848 1871 Commendat
873 1830 924 1868 Τ.
953 1829 1166 1881 Agusium,
1186 1841 1252 1868 ve-

134 1891 252 1925 terem
272 1887 472 1935 amicum.)

187 1993 338 2032 Multos
352 1994 421 2032 tibi
440 1993 718 2041 commendem,
738 2005 887 2032 necoese
905 1998 976 2039 est,
996 1990 1150 2043 quando
1168 2002 1253 2028 om-

135 2045 249 2086 nibus
276 2054 368 2086 nota
396 2055 524 2086 nostra
551 2047 788 2086 neoessitudo
813 2055 882 2093 est,
912 2053 1056 2097 tuaque
1079 2057 1168 2095 erga
1189 2056 1253 2082 me

135 2101 408 2140 benevolentia.
449 2101 524 2140 Sed
543 2108 686 2148 tamen,
707 2101 776 2139 etsi
804 2100 979 2139 omnium
1004 2097 1133 2145 causa,
1158 2109 1255 2149 quos

136 2154 377 2201 commendo,
401 2155 499 2193 velle
523 2155 670 2199 debeo;
700 2161 829 2192 tamen
854 2166 943 2192 cum
971 2152 1150 2190 omnibus
1178 2163 1255 2188 non

137 2206 269 2247 eadem
281 2207 378 2247 mihi
392 2221 507 2248 causa
521 2216 589 2248 πῖ.
621 2207 672 2246 Τ.
690 2207 860 2259 Agusius
872 2215 910 2246 et
923 2219 1048 2246 oomae
1059 2217 1170 2244 meus
1183 2204 1259 2242 fuit
