1513 2382
227 102 280 148 74
387 99 469 140 ΑΙ)
497 97 792 140 DIVERSOS
821 97 922 138 Lm.
951 97 1067 140 XIV
1101 98 1166 138 lo.

280 209 324 249 Si
342 208 457 257 vales,
476 208 573 246 bene
591 213 669 245 est.
691 218 760 258 ego
777 206 898 246 valeo.
927 205 1201 247 Valetudinem
1216 210 1361 252 tumn,

229 264 358 311 velim,
380 274 488 300 cures
512 260 813 312 diligentissime.
854 260 962 300 Nam
987 260 1083 299 mihi
1102 267 1140 298 et
1156 257 1342 309 scriptum

229 324 267 356 et
284 316 505 355 nuntiatum
523 322 592 360 est,
608 320 646 352 te
662 315 702 352 in
717 313 854 352 febrim
867 315 991 353 subito
1009 313 1194 353 incidisse.
1222 309 1342 360 Quod

230 370 397 409 celeriter
426 381 489 407 me
514 368 635 406 fecisti
653 368 700 406 de
719 368 878 407 Caesaris
905 368 1023 407 literis
1050 367 1260 413 certiorem,
1286 364 1344 402 fe-

229 424 313 463 cisti
329 422 426 461 mihi
444 429 609 473 gratum.
639 422 740 460 Item
758 421 928 482 posthac,
949 422 981 460 si
992 421 1086 474 quid
1099 433 1195 473 opus
1209 419 1292 466 erit,
1308 416 1343 456 si

229 477 324 529 quid
342 475 517 515 acciderit
535 474 638 523 novi,
658 475 772 513 facies
791 482 835 513 ut
860 475 990 515 sciam.
1020 476 1125 515 Cura
1138 482 1183 513 ut
1200 473 1339 513 valoes.

229 531 341 571 Vale.
370 529 426 569 D.
447 528 512 568 IV
529 529 663 567 Nonas
681 528 834 568 Junias.

350 682 443 733 (9.)
473 683 537 722 M.
554 683 606 723 T.
621 683 665 724 C.
695 683 1012 724 TERENTIAE
1040 683 1081 724 S.
1099 684 1146 723 P.
1159 683 1215 722 D.

285 790 686 841 (Argumentum...
707 789 903 841 Significat
938 790 1107 830 dolorem
1143 802 1258 830 suum
1294 803 1343 830 ex

239 844 455 884 Dolabenae
466 845 595 895 generi
607 851 644 884 et
657 844 801 883 Tulliae
811 844 1039 885 valetudine.
1065 845 1159 885 Post
1170 856 1343 898 pugnam

233 896 527 947 Pharsalicam.)

285 1005 354 1044 Ad
372 1012 522 1044 caeteras
540 1017 645 1044 meas
663 1004 832 1044 miserias
856 1005 1008 1045 accessit
1035 1005 1142 1045 dolor
1169 1019 1191 1046 e
1219 1005 1343 1044 Dola-

231 1060 342 1099 bellae
360 1059 575 1098 valetudine
593 1065 630 1097 et
648 1072 668 1096 e
688 1059 842 1098 Tulliae.
875 1059 1061 1109 Omnino,
1092 1060 1141 1099 de
1165 1058 1344 1098 Omnibus

232 1115 359 1160 rebus,
391 1125 460 1151 nec
489 1112 584 1163 quid
612 1111 757 1151 consilii
779 1113 941 1164 capiam,
970 1126 1040 1152 nec
1068 1113 1163 1165 quid
1189 1114 1344 1161 faciam,

231 1166 318 1204 scio.
348 1165 429 1214 Tu,
449 1166 580 1214 velim,
599 1172 707 1204 tuam
726 1173 763 1205 et
780 1166 923 1205 Tulliae
941 1167 1198 1206 valetudinem
1221 1179 1343 1206 cures..

230 1220 344 1260 Vale.

287 1375 403 1429 (10.)
432 1374 495 1413 M.
510 1375 561 1414 T.
577 1375 622 1415 C.
643 1375 957 1417 TERENTIAE
978 1377 1099 1418 SUAE
1121 1378 1161 1417 S.
1175 1377 1221 1416 P.
1235 1377 1290 1418 D.

289 1484 610 1535 (Argumentum.
623 1509 678 1517 —
689 1484 748 1523 Ut
765 1496 854 1522 cum
869 1484 1015 1532 Attico,
1032 1485 1080 1524 ad
1095 1498 1210 1534 quem
1229 1482 1344 1536 scrip-

232 1545 331 1576 serat
359 1538 558 1576 consilium
584 1550 711 1585 suum,
742 1545 844 1587 agat,
873 1537 1065 1577 admonet.
1093 1539 1226 1579 Tertio
1254 1539 1346 1579 belli

233 1603 348 1640 ann0‚
368 1591 516 1630 emate
532 1591 712 1630 dictatore
731 1588 809 1638 ΙΙ.)

287 1697 396 1746 Quid
415 1697 497 1736 fieri
525 1699 702 1750 placeret,
730 1698 862 1750 scripsi
882 1699 931 1738 ad
950 1699 1210 1751 Pomponium
1228 1700 1347 1740 serius

235 1765 352 1804 quam
385 1752 563 1803 oportuit.
594 1752 697 1791 Cum
727 1765 771 1790 eo
803 1753 835 1791 si
866 1753 993 1792 locuta
1024 1755 1110 1800 eris,
1142 1755 1345 1805 intelliges,

234 1805 329 1857 quid
352 1805 434 1844 fieri
461 1805 588 1843 velim.
623 1805 809 1856 Apertius
829 1807 952 1855 scribi,
974 1807 1127 1858 quando
1154 1808 1204 1846 ad
1231 1805 1345 1847 11111111

231 1859 470 1909 scripseram,
490 1871 637 1897 necesse
661 1871 738 1897 non
755 1859 841 1897 fuit.
870 1859 934 1898 De
952 1861 996 1898 eit
1013 1874 1067 1905 re,
1088 1868 1126 1898 et
1139 1861 1186 1900 de
1203 1862 1346 1901 caeteris

233 1914 360 1960 rebus,
391 1924 510 1963 quam
537 1912 722 1963 primum,
749 1912 879 1962 velim,
908 1914 1016 1952 nobis
1043 1914 1170 1953 literas
1201 1915 1342 1954 mittas.

233 1965 506 2005 Valetudinem
525 1972 629 2005 tuam
650 1979 740 2006 cura
757 1965 967 2019 diligenter.
1000 1967 1111 2007 Vale.
1140 1968 1228 2008 VII
1247 1969 1343 2008 Idus

232 2018 399 2068 Quintil.
