1513 2382
370 61 452 100 AD
482 61 778 102 DIVERSOS.
810 61 910 100 Lm.
940 61 1057 100 XIV.
1089 62 1124 98 4.
1255 62 1307 100 69

246 169 364 219 Quod
382 169 527 217 scribis,
548 177 598 217 te,
619 169 652 208 si
677 170 806 217 velim,
827 169 877 208 ad
900 181 964 207 me
982 175 1210 215 venturam;
1242 181 1313 220 ego

193 236 295 272 vero,
315 236 404 262 cum
423 224 540 262 sciam
558 236 741 274 magnam
760 231 908 275 partem
926 222 1035 260 istius
1055 223 1176 260 oneris
1195 224 1262 261 abs
1276 230 1314 261 te

193 278 383 326 sustineri,
411 285 448 316 te
465 277 548 316 istic
567 291 646 316 esse
663 278 760 316 volo.
801 277 844 316 Si
867 276 1046 328 perficitis
1065 276 1169 328 quod
1187 276 1312 326 agitis,

192 344 256 370 me
274 331 323 370 ad
341 345 408 370 vos
427 332 553 369 venire
572 338 742 382 oportet:
775 331 833 369 sin
857 338 986 368 autem
1002 358 1012 367 .
1034 358 1044 367 .
1067 357 1078 367 .
1094 357 1104 367 .
1121 329 1198 368 Sed
1216 330 1314 367 nihil

191 398 288 437 opus
307 396 362 424 est
380 385 528 436 reliqua
541 386 712 423 scribere.
742 384 808 422 Ex
827 384 974 436 primis,
995 392 1075 432 aut,
1098 396 1311 431 summum,

192 439 368 478 secundis
385 439 502 476 literis
521 439 610 486 tuis,
637 439 863 477 constituere
880 438 1103 489 poterimus,
1131 437 1226 488 quid
1244 449 1314 475 no-

192 493 252 532 bis
269 493 487 532 faciendum
507 493 565 530 sit.
596 492 662 530 Tu
678 492 792 530 modo
811 492 860 530 ad
877 505 940 529 me
954 492 1070 529 velim
1085 490 1214 529 omnia
1228 490 1315 528 dili-

191 547 413 597 gentissime
440 547 648 598 perscribas
663 561 673 584 :
705 546 774 584 etsi
803 546 925 597 magis
952 546 1036 595 jam
1067 557 1162 593 rem,
1194 557 1314 596 quam

193 601 334 649 literas,
354 600 475 639 debeo
490 608 718 652 exspectare.

248 655 353 693 Cura
380 662 424 692 ut
444 655 581 702 valeas,
602 662 639 692 et
657 655 710 692 ita
729 653 799 692 tibi
817 652 1058 705 persuadeas,
1078 651 1177 690 mihi
1195 659 1233 690 te
1252 665 1313 690 ca-

193 709 273 747 rius
290 708 388 746 nihil
407 720 499 756 esse,
519 720 588 746 nec
606 721 780 759 unquam
791 707 920 745 fuisse.
941 707 1053 751 Vale,
1067 719 1154 744 mea
1168 705 1315 744 Teren-

194 763 262 809 tia,
283 775 401 814 quam
420 774 490 813 ego
509 762 636 800 videre
655 762 784 800 videor
800 775 810 798 :
841 761 971 812 itaque
997 760 1173 798 debilitor
1191 760 1313 811 lacry-

196 816 283 856 mis,
311 816 422 855 Vale.
454 815 583 854 Pridie
597 815 784 855 Calendas
800 814 1007 853 Decembr.
1035 813 1285 865 Dyrrhachii.

198 981 286 1030 (4.)
306 981 564 1020 TULLIUS
583 979 889 1019 'I‘ERENTIAE
911 979 982 1018 ET
999 976 1310 1017 TULLIOLAE

395 1036 467 1074 ET
487 1035 773 1074 CICERONI
792 1033 922 1073 SUIS
943 1034 985 1072 S.
1001 1032 1052 1071 P.
1070 1033 1126 1071 D.

251 1143 575 1195 (Argumentum.
590 1166 643 1172 —
658 1143 881 1195 Respondet
900 1141 949 1180 ad
967 1141 1071 1180 varia
1089 1140 1214 1192 capita
1230 1139 1315 1178 lite-

195 1210 326 1236 rarum
346 1198 552 1245 Terentiae,
568 1209 646 1235 non
665 1198 790 1236 solum
801 1197 986 1243 dolenter,
1001 1194 1068 1234 sed
1087 1195 1203 1233 etiam
1218 1194 1317 1232 mol-

197 1251 306 1302 liore,
327 1265 446 1305 quam
464 1252 591 1291 virum
609 1251 780 1300 decebat,
800 1248 966 1299 animo.)

250 1361 338 1412 Ego
355 1360 485 1398 minus
504 1373 603 1411 saepe
622 1359 671 1398 ad
689 1371 755 1398 vos
774 1357 823 1397 do
840 1359 981 1407 literas,
1002 1370 1121 1410 quam
1139 1368 1312 1407 possum,

196 1423 396 1469 propterea
420 1413 538 1466 quod,
565 1426 656 1452 cum
675 1413 805 1452 omnia
822 1412 920 1450 mihi
939 1420 1112 1464 tempora
1131 1417 1221 1449 sunt
1244 1409 1320 1447 mi-

197 1483 303 1516 sera3
333 1475 419 1506 tum
437 1480 539 1515 vero,
560 1481 648 1506 cum
673 1475 740 1505 aut
759 1466 880 1505 scribo
910 1466 959 1503 ad
981 1479 1061 1513 vos,
1093 1472 1160 1502 aut
1177 1470 1320 1502 vestras

197 1524 298 1575 lego,
328 1522 503 1561 conficior
533 1521 726 1573 lacrymiS,
757 1520 823 1569 sic,
854 1526 899 1558 ut
927 1519 1024 1558 ferre
1053 1531 1131 1557 non
1162 1517 1319 1569 possim.

199 1576 318 1626 Quod
349 1576 496 1614 utinam
524 1575 654 1613 minus
683 1575 771 1613 vitae
803 1573 933 1626 cupidi
960 1572 1190 1611 fuissemus!
1222 1577 1321 1609 certe

197 1631 311 1679 nihil,
327 1637 394 1668 aut
404 1642 481 1668 non
493 1629 678 1676 multum,
693 1628 735 1666 in
750 1628 829 1667 vita
840 1627 933 1665 mali
944 1627 1178 1665 vidissemus.
1204 1623 1323 1672 Quod

199 1685 233 1724 si
249 1697 318 1724 nos
339 1683 388 1722 ad
406 1683 578 1735 aliquam
597 1683 758 1732 alicujus
777 1681 970 1720 commodi
990 1679 1196 1731 aliquando
1215 1690 1323 1716 recu-

199 1738 358 1791 perandi
377 1750 485 1789 spem
502 1737 658 1775 fortuna
675 1736 901 1781 reservavit3
931 1735 1061 1772 minus
1079 1739 1135 1771 est
1154 1739 1323 1771 erratum

199 1806 224 1832 a
240 1792 369 1831 nobisz
403 1791 461 1829 sin
486 1791 568 1829 haec
586 1790 690 1828 mala
707 1790 786 1828 fixa
805 1796 919 1836 sunt;
953 1801 1023 1839 ego
1041 1799 1129 1825 vero
1148 1794 1185 1825 te
1203 1797 1324 1838 quam

198 1846 385 1899 primum,
400 1857 487 1882 mea
509 1844 588 1882 vita
604 1844 613 1882 !
644 1844 756 1894 cupio
774 1843 915 1890 videre,
936 1850 973 1880 et
987 1842 1027 1878 in
1040 1849 1107 1878 tuo
1119 1840 1323 1891 complexu

199 1900 340 1947 emori3
362 1898 516 1952 quando
534 1911 658 1950 neque
665 1898 749 1945 Dii,
764 1910 860 1949 quos
872 1904 915 1934 tu
934 1895 1139 1934 castissime
1157 1892 1322 1942 coluisti,

197 1967 323 2006 neque
346 1953 536 2001 homines,
569 1952 711 2003 quibus
736 1964 806 2002 ego
838 1949 988 1998 servivi,
1019 1948 1128 1987 nobis
1157 1947 1322 1999 gratiam

199 2009 424 2048 retulerunt.

254 2062 340 2101 Nos
365 2060 565 2100 Brundisii
587 2059 692 2112 apud
723 2058 786 2097 M.
817 2057 999 2096 Laenium
1027 2056 1212 2095 Flaccum
1242 2054 1323 2093 dies

200 2115 316 2156 XIII
343 2115 504 2163 fuimus,
525 2114 653 2152 virum
677 2113 898 2165 optimum3
929 2112 998 2164 qui
1014 2110 1229 2163 periculum
1246 2108 1326 2147 for-

201 2178 386 2210 tunarum
416 2176 454 2207 et
482 2168 616 2220 capitis
639 2167 713 2217 sui,
739 2180 820 2219 prae
850 2165 938 2206 mezi⁴
959 2165 1094 2214 salute,
1125 2161 1324 2216 neglexit3
