1513 2382
198 72 251 116 70
377 70 459 109 AD
488 70 784 110 DIVERSOS.
814 71 914 110 111ss.
944 70 1063 110 XIV.
1093 72 1131 109 4.

195 191 320 229 neque
336 178 430 229 legis
450 178 740 230 improbissimae
766 191 878 230 poena
902 178 1087 216 deductus
1116 185 1186 226 est,
1215 190 1311 230 quo-

195 232 325 270 minus
342 232 497 283 hospitii
515 240 551 271 et
569 232 745 270 amicitiae
759 234 824 281 jus
841 233 1086 283 officiumque
1103 239 1310 283 praestaret.

162 327 165 329 ,
196 286 302 324 Huic
331 286 479 324 utinam
508 286 714 337 aliquando
743 286 905 337 gratiam
929 285 1066 324 referre
1093 285 1308 337 possimus!

194 339 438 377 Habebimus
457 339 613 390 quidem
633 353 793 391 semper.

247 393 456 431 Brundisio
482 393 640 444 profecti
663 407 797 432 sumus
816 407 850 432 a.
869 393 906 430 d.
931 393 970 438 V
990 392 1178 432 Calendas
1196 392 1310 431 Maii.

195 447 271 485 Per
289 447 559 485 Macedoniam
574 447 759 498 Cyzicum
778 449 1015 499 petebamus·
1045 446 1083 485 Ο
1102 459 1166 484 1118
1184 446 1311 498 perdi-

194 508 279 538 tum
296 501 306 538 l
338 500 376 539 O
395 500 604 539 afflictum!
636 501 731 552 quid
748 513 852 539 nunc
877 514 1007 552 rogem
1026 507 1076 549 te,
1104 508 1149 538 ut
1167 500 1310 548 venias,

192 554 394 592 mulierem
422 567 577 605 aegram,
604 562 642 592 et
670 567 823 606 corpore
853 561 890 592 et
917 554 1046 593 animo
1068 554 1278 592 confectam
1292 556 1310 593 ?

193 620 270 646 non
290 610 451 658 rogem?
481 608 561 646 sine
580 616 617 646 te
635 607 751 659 igitur
778 608 850 646 sim
864 611 882 646 Ξ*
912 608 1076 659 opinor,
1107 607 1159 646 sic
1187 621 1313 659 agam.

192 662 234 700 Si
253 669 308 700 est
326 674 410 712 spes
429 662 547 699 nostri
564 661 720 709 reditus,
741 675 826 700 eam
848 661 1061 709 confirmes,
1088 668 1126 699 et
1143 674 1225 700 rem
1244 661 1312 699 ad-

186 716 308 764 juves.
339 716 407 754 Sin
438 718 499 758 (ut
521 728 590 766 ego
615 715 764 764 metuo)
796 724 1030 754 transactum
1059 722 1129 763 est,
1155 728 1312 766 quoquo

191 768 308 806 modo
325 777 446 819 potes,
467 768 515 806 ad
533 782 596 806 me
619 769 679 806 fac
697 769 837 807 venias.
877 769 1014 807 Unum
1031 769 1104 807 hoc
1132 769 1250 807 scito:
1281 768 1315 806 si

194 830 233 860 te
251 822 412 869 habebo,
432 834 510 860 non
528 823 626 860 1111111
645 823 800 861 videbor
812 823 927 874 plane
944 825 1098 874 perisse.
1127 822 1202 862 Sed
1220 822 1315 873 quid

196 876 243 914 de
263 876 436 914 Tulliola
453 877 544 914 mea
564 876 659 914 fiet*
643 907 651 915 .
685 878 767 926 jam
786 876 827 914 id
844 890 910 915 vos
929 877 1076 915 videte:
1097 876 1196 914 mihi
1210 875 1314 914 deest

195 929 408 967 consilium.
438 930 513 968 Sed
543 938 654 977 certe,
681 943 836 982 quoquo
867 930 983 968 modo
1002 944 1041 969 se
1058 943 1118 968 res
1142 930 1312 976 habebit,

196 983 300 1020 illius
318 983 477 1021 misellae
491 991 528 1022 et
545 984 789 1022 matrimonio
808 991 845 1022 et
861 984 976 1022 famae
990 983 1230 1022 serviendum
1245 991 1313 1022 est.

199 1036 336 1084 Quid?
366 1037 497 1075 Cicero
515 1050 624 1076 meus
644 1038 738 1088 quid
757 1045 842 1088 aget
855 1038 873 1074 ἱ)
902 1038 981 1076 Iste
999 1050 1086 1076 vero
1105 1038 1153 1076 sit
1170 1037 1211 1075 in
1229 1037 1316 1076 sinu

197 1103 345 1141 semper
365 1098 401 1128 et
420 1091 622 1142 complexu
641 1104 739 1129 meo.
770 1092 864 1129 Non
883 1104 980 1142 queo
998 1091 1111 1142 plura
1125 1092 1206 1140 jam
1226 1091 1317 1129 scri-

196 1145 305 1182 bere:
326 1145 487 1196 impedit
501 1157 650 1182 moeror.
680 1145 746 1182 Tu
759 1144 854 1196 quid
869 1144 1002 1195 egeris,
1014 1144 1160 1183 nescio:
1181 1151 1315 1183 utrum

195 1197 343 1249 aliquid
371 1206 512 1244 teneas,
543 1211 591 1235 an
620 1198 741 1249 (quod.
758 1205 906 1246 metuo)
933 1199 1047 1250 plane
1074 1198 1125 1236 sis
1143 1198 1314 1249 spoliata.

198 1251 394 1298 Pisonem,
414 1260 457 1289 ut
476 1251 619 1299 scribis,
639 1265 747 1303 spero
766 1251 846 1290 fore
863 1265 1012 1303 semper
1030 1262 1217 1290 nostrum.

250 1304 313 1343 De
341 1305 488 1343 famili&
517 1306 690 1352 liberata,
721 1305 819 1343 nihil
849 1313 918 1353 est,
944 1305 1048 1357 quod
1077 1313 1115 1343 te
1146 1313 1309 1344 moveat.

196 1358 390 1407 Primum,
410 1360 486 1397 tuis
510 1359 563 1397 ita
580 1359 810 1410 promissum
830 1366 884 1397 aet
906 1367 943 1397 te
959 1359 1148 1398 facturam
1162 1372 1255 1407 esse,
1271 1368 1316 1398 ut

192 1411 356 1463 quisque
388 1420 484 1451 85581
511 1413 682 1451 meritus.
711 1413 785 1451 Est
814 1420 944 1451 autem
972 1413 1014 1450 in
1041 1412 1164 1451 officio
1186 1413 1314 1452 adhuc

193 1466 397 1516 Orpheus:
436 1474 617 1517 praeterea
646 1479 877 1517 magnopere
908 1479 1034 1505 nemo.
1078 1466 1313 1505 Caeterorum

193 1532 388 1557 servorum
418 1533 461 1558 ea
479 1533 592 1558 causa
610 1528 679 1567 est,
706 1528 764 1566 ut,
795 1520 828 1558 si
844 1533 903 1558 res
921 1534 945 1558 a
962 1520 1071 1559 nobis
1089 1522 1244 1569 abisset,
1265 1521 1314 1558 li-

191 1573 288 1610 berti
306 1574 423 1612 nostri
441 1582 575 1620 11558111,
596 1574 628 1612 51
646 1574 814 1612 obtinere
832 1574 1067 1625 potuissent:
1099 1574 1158 1612 sin
1176 1574 1226 1612 ad
1243 1587 1312 1613 nos

191 1626 437 1677 pertinerent,
452 1627 646 1677 servirent,
665 1635 920 1679 praeterquam
936 1628 1077 1680 oppido
1091 1628 1216 1679 pauci.
1237 1627 1313 1667 Sed

192 1680 274 1717 haec
292 1680 440 1719 minora
458 1689 559 1720 sunt.

247 1733 313 1771 Tu
344 1735 448 1785 quod
476 1748 539 1773 me
566 1735 741 1783 hortaris,
767 1742 811 1774 ut
839 1735 968 1774 animo
993 1735 1065 1774 sim
1090 1747 1246 1786 magno,
1275 1743 1314 1774 et

194 1799 303 1837 spem
320 1787 481 1826 habeam
502 1789 768 1839 recuperandae
786 1789 942 1835 salutis;
967 1789 1007 1827 id
1021 1789 1136 1827 velim
1149 1790 1196 1827 sit
1211 1790 1313 1838 ejus-

191 1840 312 1887 modi,
326 1849 369 1879 ut
381 1850 479 1880 recte
490 1855 637 1893 sperare
648 1843 847 1893 possimus.
868 1843 908 1880 N
914 1856 1001 1890 unc,
1014 1842 1142 1891 miser,
1158 1843 1313 1893 quando

190 1900 277 1932 tuas
305 1895 389 1944 jam
421 1896 548 1933 literas
577 1896 759 1947 accipiam
777 1899 794 1934 Ρ
828 1896 915 1947 quis
944 1897 994 1934 ad
1025 1909 1087 1934 me
1118 1896 1311 1947 perferet?

191 1961 288 1998 quas
306 1960 375 1999 ego
395 1949 668 2000 exspectassem
683 1949 896 1998 Brundisii,
915 1951 947 1988 51
966 1958 1063 1989 esset
1079 1950 1229 1988 licitum
1241 1963 1310 2001 per

194 2009 345 2050 nautas,
366 2003 434 2053 qui
453 2010 715 2054 tempestatem
734 2003 1020 2054 praetermittere
1037 2003 1253 2042 noluerunt.

244 2054 363 2102 Quod
380 2056 571 2108 reliquum
598 2065 667 2103 est,
684 2064 853 2096 sustenta
871 2065 922 2103 te,
942 2069 1028 2095 mea
1046 2057 1242 2105 Terentia,
1264 2066 1305 2095 ut

192 2115 310 2159 potes-
338 2109 614 2149 Honestissime
628 2110 811 2149 viximus:
833 2111 1043 2149 floruimus.
1068 2111 1159 2148 Non
1171 2111 1309 2148 vitium

192 2169 379 2211 nostrum,
401 2163 465 2202 sed
478 2165 595 2202 virtus
616 2172 754 2211 nostra,
772 2177 839 2203 nos
852 2164 1000 2203 afflixit.
1032 2165 1236 2203 Peccatum
1252 2173 1306 2204 est
