1513 2382
368 71 450 110 AD
478 71 773 113 DIVERSOS.
803 73 903 112 Lm.
933 74 1027 114 XV.
1056 76 1094 112 5.
1227 76 1278 114 95

213 179 448 219 Extremum
472 180 570 219 illud
593 188 663 227 est,
684 188 741 229 ut,
761 181 872 232 quasi
896 180 1070 220 diffidens
1089 182 1276 233 rogationi

160 248 271 283 meae,
302 234 586 286 philosophiam
611 235 661 272 ad.
685 242 723 273 te
746 236 936 286 allegem3
975 236 1053 287 qua
1078 247 1147 274 nec
1176 236 1276 274 mihi

154 288 273 328 carior
297 288 377 326 ulla
406 302 581 341 unquam
606 302 664 327 res
688 289 729 326 in
755 289 834 327 vita
857 289 945 337 fuit,
974 302 1043 328 nec
1070 290 1274 328 hominum

152 342 282 405 generi
300 344 426 392 majus
452 357 475 381 a
500 343 587 381 Diis
605 356 748 381 munus
770 344 896 381 ullum
921 350 976 382 est
998 344 1144 382 datum.
1175 344 1272 382 Haec

152 397 283 448 igitur,
323 410 410 448 quae
449 397 547 435 mihi
583 404 711 435 tecum
754 398 968 436 communis
1011 405 1079 447 est,
1119 398 1274 436 societas

150 450 365 490 studiorum
390 458 504 503 atque
529 451 673 489 artium
699 458 916 489 nostrarum
945 452 1102 503 (quibus
1127 465 1150 489 a
1175 465 1271 503 pue-

153 504 243 543 ritia
260 505 378 543 dediti
389 519 434 544 ac
452 505 631 552 devincti,
644 505 715 543 soli
726 505 1004 557 propemodum
1019 518 1087 544 nos
1105 506 1274 557 philoso-

152 559 286 610 phiam
317 559 425 597 illam
458 572 587 598 veram
618 566 654 597 et
685 559 898 611 antiquam,
925 573 1013 611 quae
1038 559 1271 611 quibusdam

149 613 218 651 otii
236 626 315 651 esse
333 626 377 652 ac
396 613 549 652 desidiae
567 613 732 663 videtur,
758 613 798 651 in
816 613 945 651 forum
975 621 1090 665 atque
1117 614 1158 651 in
1186 627 1268 652 rem

148 667 360 719 publicam,
380 675 495 720 atque
513 668 554 705 in
583 668 707 719 ipsam
725 668 845 706 aciem
872 681 995 719 paene,
1016 666 1267 717 deduximus)

146 729 276 760 tecum
294 722 374 773 agit
391 722 438 760 de
463 722 551 760 mea
571 721 711 768 laude3
743 721 804 760 cui
830 722 960 773 negari
987 735 1010 760 a
1035 722 1181 761 Catone
1209 722 1268 761 fas

146 789 224 814 esse
242 788 319 814 non
337 784 442 826 puto.
473 776 737 824 Quamobrem
762 776 833 814 tibi
861 776 913 814 sic
940 775 1182 827 persuadeas,
1202 789 1268 815 ve-

145 830 244 868 lim:
276 830 308 868 si
333 830 430 868 mihi
460 830 529 868 tua
552 830 737 868 sententia
767 830 932 868 tributus
953 831 1072 868 honos
1097 842 1145 867 ex
1170 830 1266 869 meis

146 884 264 923 literis
281 884 410 930 fuerit,
431 897 494 922 me
517 884 570 922 sic
588 884 913 930 existimaturum,
935 897 1024 922 cum
1043 884 1266 922 auctoritate

146 938 228 986 tua,
249 946 335 976 tum
352 938 614 977 benevolentia
633 951 722 989 erga
740 951 818 986 me,
837 938 948 987 mihi,
971 938 1077 990 quod
1094 938 1265 977 maxime

147 992 346 1044 cupierim,
367 992 578 1044 contigisse.
608 992 720 1031 Vale.

228 1157 243 1206 (
260 1159 316 1203 5.)
344 1156 406 1195 Μ.
437 1156 594 1196 CATO
623 1156 684 1196 M.
701 1156 752 1195 T.
768 1156 812 1196 C.
834 1156 958 1195 IMP.
987 1156 1026 1194 S.
1043 1155 1089 1194 P.
1106 1155 1159 1194 D.

195 1265 519 1317 (Argumentum.
543 1289 598 1295 —
618 1266 791 1305 Excusat
819 1279 872 1313 se,
894 1264 998 1316 quod
1017 1264 1262 1317 supplicatio-

141 1332 231 1359 nem
261 1333 339 1359 non
369 1321 596 1360 decreverit:
629 1327 665 1359 et
701 1327 830 1358 tamen
866 1319 1056 1358 decretam
1088 1319 1256 1371 gaudet:

141 1387 257 1427 seque
284 1375 593 1414 honorificentius
622 1374 713 1413 dicit
746 1373 916 1422 sensisse,
947 1386 1066 1426 quam
1099 1386 1162 1413 eos
1191 1372 1260 1425 qui

141 1429 458 1482 supplicationem
476 1429 747 1476 decreverant.)

194 1537 313 1586 Quod
327 1545 364 1577 et
376 1552 435 1577 res
446 1538 601 1591 publica
614 1550 677 1577 me
692 1545 730 1575 et
743 1544 873 1576 nostra
888 1536 1054 1575 amicitia
1066 1536 1254 1584 hortatur,

139 1591 303 1631 libenter
327 1592 438 1641 facio,
459 1600 504 1631 ut
534 1599 642 1631 tuam
661 1591 856 1639 virtutem,
877 1591 1148 1637 innocentiam,
1170 1590 1258 1627 dili-

139 1646 323 1708 gentiam,
354 1647 546 1708 cognitam
568 1646 609 1684 in
627 1646 809 1684 maximis
831 1648 922 1683 rebu
914 1659 958 1692 s,
989 1644 1095 1683 domi
1122 1644 1256 1695 togati,

139 1701 277 1739 armati
294 1701 398 1745 foris,
419 1701 503 1752 pari
520 1700 708 1738 industria
729 1698 1031 1750 [administrare]
1053 1697 1257 1749 gaudeam.

138 1754 292 1805 Itaque,
312 1755 417 1807 quod
434 1768 504 1806 pro
523 1767 609 1793 meo
635 1753 779 1803 judicio
797 1754 918 1792 facere
941 1753 1063 1814 potui,
1084 1758 1128 1789 ut
1146 1752 1258 1789 inno-

137 1809 261 1847 centia
279 1809 511 1860 consilioque
539 1816 605 1846 tuo
630 1808 825 1846 defensam
849 1806 1099 1858 provinciam,
1131 1818 1259 1844 serva·

135 1868 223 1900 tum
240 1863 513 1901 Ariobarzanis
538 1875 628 1901 cum
657 1861 740 1923 ipso
758 1874 846 1912 rege
864 1873 1041 1912 regnum,
1067 1859 1254 1898 sociorum

133 1924 350 1955 revocatam
383 1917 433 1955 ad
465 1916 638 1956 studium
670 1916 822 1967 imperii
850 1915 969 1953 nostri
1002 1914 1254 1962 voluntatem,

134 1971 321 2009 sententia
346 1984 432 2009 mea
465 1978 502 2009 et
525 1971 673 2009 decreto
701 1970 913 2015 laudarem,
943 1968 1026 2006 feci.
1057 1967 1258 2019 Supplica-

134 2025 279 2064 tionem
299 2025 490 2063 decretam
509 2025 562 2078 (si
580 2032 639 2072 tu,
660 2024 739 2075 qua
757 2024 797 2061 in
816 2037 856 2062 re
874 2022 973 2060 nihil
991 2022 1163 2069 fortuito,
1191 2021 1257 2059 sed

135 2079 291 2117 summa
308 2079 377 2117 tua
401 2079 546 2117 ratione
573 2086 611 2117 et
629 2077 875 2125 continentia,
896 2075 1113 2128 reipublicae
1130 2075 1259 2127 provi-

135 2145 224 2171 sum
242 2140 311 2181 est,
331 2132 419 2171 Diis
437 2132 719 2171 immortalibus
738 2131 922 2183 gratulari
940 2143 1022 2179 nos,
1043 2142 1162 2182 quam
1187 2128 1258 2167 tibi

133 2186 272 2226 referre
291 2194 503 2239 acceptum,
522 2185 662 2235 mavis)
681 2186 841 2238 gaudeo.
