1513 2382
294 123 378 164 AD
407 122 703 165 DIVERSOS.
735 122 836 162 Lm.
861 121 987 162 XIII.
1020 122 1082 160 15.
1199 121 1247 166 17

131 231 408 272 adolescentem
425 232 568 284 ipsum,
584 239 738 284 propter
753 233 834 283 ejus
851 229 1091 277 modestiam,
1110 228 1250 266 huma-

131 286 306 335 nitatem,
338 287 513 325 animum
540 294 577 325 et
605 299 775 325 amorem
803 299 892 337 erga
915 298 979 322 me
1002 283 1249 334 singularem,

132 339 290 379 mirifice
309 340 452 392 dilig0;
482 347 567 378 tum
596 348 744 392 patrem
765 341 860 390 ejus,
891 353 931 377 re
961 338 1108 384 doctus,
1138 336 1250 374 intel-

133 393 212 432 lexi
231 401 268 432 et
286 394 400 433 didici
418 394 517 432 mihi
545 394 664 433 fuisse
687 407 835 446 semper
854 392 1140 430 amicissimum.
1169 389 1249 437 En,

134 446 198 486 hic
211 447 275 485 ille
295 455 363 496 est,
380 448 427 486 de
445 448 521 486 illis
535 449 705 486 maxime
725 449 793 500 qui
817 447 971 485 irridere
990 453 1104 496 atque
1123 445 1253 493 objur-

133 514 223 552 gare
240 514 304 540 me
322 503 453 540 solitus
473 509 542 548 est,
564 502 668 553 quod
685 515 749 540 me
776 514 852 539 non
878 508 1018 548 tecum,
1043 497 1253 550 praesertim

133 567 225 593 cum
253 557 320 595 abs
348 563 386 595 te
417 556 794 595 honorificentissime
821 555 1015 603 invitarer,
1046 553 1254 603 conjunge-

134 621 229 647 rem.

188 685 288 723 Αλλ’
308 700 388 734 εμον
409 700 444 722 ου
464 701 552 724 ποτε
573 688 684 735 &opima
703 701 747 722 ενι
771 689 973 731 στηὲεσσιν
990 685 1143 730 επειθεν,

188 738 251 783 Ὠς
270 745 401 790 νεφελη
425 740 590 786 εκαλιψε
605 745 776 788 peneum.

134 827 358 868 Audiebam
376 828 479 866 enim
498 834 644 867 nostros
661 840 832 879 proceres
851 825 1101 875 clamitantes,

190 922 355 965 Αλκιμος
374 915 474 961 sca-6⁹,
497 918 551 952 ἵνα
571 930 628 958 τις
647 931 690 953 σε
706 930 766 952 και
787 915 957 961 οψιγονων
979 928 1013 950 ευ
1032 927 1119 967 emp.

135 989 212 1028 Sed
240 997 371 1027 tamen
407 989 525 1028 iidem
563 1002 627 1027 me
661 990 930 1027 consolantur:
962 995 998 1026 et
1024 988 1107 1036 jam
1129 985 1255 1024 homi-

135 1055 225 1081 nem
243 1050 456 1094 perustum,
475 1043 581 1081 inani
599 1042 720 1095 gloria
733 1043 866 1081 volunt
884 1041 1082 1080 incendere
1097 1054 1110 1087 3
1140 1046 1255 1091 atque

132 1096 187 1135 ita
203 1096 416 1148 loquuntur
432 1111 443 1134 :

190 1190 250 1228 Μη
271 1199 342 1233 μαυ
363 1184 531 1223 ασπουὸει
550 1200 591 1232 γε
613 1199 672 1221 και
693 1191 849 1227 ακλειως
869 1191 1080 1232 απολοιμην,

189 1243 318 1287 Λλλα,
339 1254 436 1287 μεγα
457 1240 563 1290 ῥεξας
580 1254 632 1286 τι,
654 1253 712 1274 και
738 1252 967 1287 εσσομενοισι
988 1238 1187 1274 mssa-3011.

137 1311 214 1351 Sed
230 1324 294 1350 me
305 1311 434 1350 minus
447 1313 530 1362 jam
550 1318 717 1358 movent,
738 1318 783 1349 ut
797 1311 913 1350 vides.
944 1311 1083 1362 Itaque
1101 1311 1149 1347 ab
1170 1308 1256 1346 Ho-

134 1365 232 1404 meri
259 1366 591 1456 {nagniloquentia
615 1365 766 1404 confero
790 1378 855 1404 me
882 1365 932 1404 ad
951 1378 1040 1404 vera
1066 1369 1257 1416 praecepta

134 1425 259 1471 Ευριπι
283 1435 331 1458 ου.

189 1500 299 1531 Μισω
322 1502 517 1545 copie-tm,
535 1497 640 1538 ὅστις
659 1511 724 1548 ουχ
743 1496 842 1542 αὑτῳ
861 1503 983 1545 «revoc.

135 1582 268 1631 Quem
297 1595 451 1621 versum
481 1596 597 1623 senex
629 1583 827 1622 Praecilius
856 1581 989 1620 laudat
1018 1580 1192 1634 egregie:
1220 1586 1258 1619 et

137 1637 206 1685 ait,
225 1649 334 1688 posse
348 1637 527 1676 eumdem
541 1645 579 1676 et
599 1640 676 1688 ἁμα
690 1652 845 1690 προσσω
867 1651 926 1674 και
943 1651 1087 1675 οπισσω
1102 1635 1227 1674 videre
1243 1648 1257 1680 3

139 1697 177 1729 et
195 1698 325 1729 tamen
343 1690 596 1730 nihilominus

196 1772 275 1803 Αιεν
295 1780 507 1818 αριστευειν,
527 1782 586 1804 και
600 1768 785 1819 ὒπειροχον
807 1781 953 1815 εμμεναι
975 1771 1110 1802 αλλων.

197 1853 286 1903 Sed,
299 1861 344 1892 ut
357 1853 508 1893 redeam
523 1853 572 1892 ad
583 1852 637 1901 id,
657 1852 761 1891 unde
780 1851 887 1904 coepi,
907 1851 1150 1890 vehementer
1162 1849 1261 1888 mihi

143 1915 298 1959 gratum
329 1908 475 1956 feceris,
506 1908 539 1946 si
569 1907 674 1946 hunc
710 1906 986 1945 adolescentem
1021 1905 1262 1943 humanitate

144 1962 228 2010 tua,
249 1975 337 2014 quae
361 1969 417 2001 est
445 1961 662 2013 singularis,
689 1958 1042 2012 comprehenderisg
1071 1966 1108 1996 et
1137 1958 1186 1996 ad
1204 1958 1259 2007 id,

146 2016 251 2068 quod
278 2016 450 2068 ipsorum
481 2015 744 2054 Praeciliorum
772 2014 886 2052 causa
906 2021 944 2052 te
966 2013 1063 2051 velle
1084 2012 1259 2059 arbitror,

147 2070 334 2109 addideris
364 2070 566 2109 cumulum
603 2067 942 2108 commendationis
973 2079 1082 2106 meae.
1112 2066 1262 2104 Genere

146 2137 245 2162 novo
262 2137 350 2162 sum
373 2124 570 2163 literarum
593 2123 643 2162 ad
667 2131 704 2161 te
722 2136 828 2171 usus,
847 2130 894 2161 ut
919 2120 1163 2174 intelligeres„
1183 2131 1261 2159 non

147 2177 344 2230 vulgarem
362 2191 442 2219 ωδε
459 2176 840 2218 commendationem.
869 2176 981 2216 Vale.

913 2284 982 2322 c3
