1513 2382
216 119 265 157 16
373 119 457 159 AD
485 118 780 161 DIVERSOS.
811 119 913 159 Lm.
936 118 1066 159 XIII.
1097 119 1160 158 15.

209 225 393 276 amicum,
426 235 464 267 et
493 227 563 268 tua
591 228 755 280 dignum
776 227 959 276 amicitia,
989 226 1061 266 tibi
1087 225 1325 266 commendo.

207 280 282 319 Cui
311 282 621 335 quibuscumque
645 284 758 322 rebus
784 280 1096 344 commodaveris,
1135 280 1207 319 tibi
1236 291 1324 332 pro-

207 333 306 373 fecto
320 336 554 386 jucundum,
573 336 670 376 mihi
689 344 787 376 certe
805 336 876 382 erit
892 343 1059 388 gratum.
1086 334 1200 375 Vale.

381 500 722 550 (14....)MTC
752 499 1154 540 BRUTOSMPD

262 608 587 659 (Argumentum.
608 629 661 638 —
679 608 797 658 Petit,
824 615 869 647 ut
886 608 1121 647 exactionem
1150 608 1234 657 ejus
1255 619 1324 659 pe-

207 662 344 709 cuniae,
375 676 493 713 quam
523 663 572 700 L.
599 663 777 701 Straboni
803 663 850 701 P.
873 662 1073 701 Cornelius
1099 661 1226 713 debet,
1251 674 1322 701 suo

209 691 344 754 studio'
358 723 395 754 et
413 716 612 768 diligentia
630 715 768 766 curet.)

261 822 385 861 Lucio
413 822 521 861 Titio
545 824 744 870 Strabone,
765 822 892 875 equite
910 823 1103 871 Romano,
1131 822 1174 861 in
1190 822 1326 875 primis

206 875 366 914 honesto
384 884 422 915 et
440 885 586 923 ornato,
612 876 907 915 familiarissime
933 884 1032 914 utor.
1062 876 1209 915 Omnia
1226 876 1324 914 mihi

205 941 295 967 cum
310 943 354 968 eo
367 930 607 969 intercedunt
616 931 706 979 jura
718 944 880 969 summae
893 930 1188 969 necessitudinis.
1217 930 1326 969 Huic

204 982 247 1021 in
272 984 340 1022 tua
368 984 565 1035 provincia
588 985 793 1035 pecuniam
817 984 930 1023 debet
953 985 1001 1022 P.
1023 984 1236 1023 Cornelius.
1261 984 1326 1023 Ea

203 1048 264 1075 τω
283 1050 306 1075 a
324 1037 517 1087 Volcatio,
548 1038 616 1090 qui
641 1039 780 1077 Romae
795 1039 861 1088 jus
880 1038 986 1086 dicit,
1013 1039 1151 1088 rejecta
1167 1038 1210 1076 in
1230 1037 1327 1076 Gai-

203 1089 299 1128 liam
318 1099 385 1130 aet.
415 1092 511 1130 Peto
529 1106 552 1130 a
570 1098 608 1129 te
627 1091 699 1130 hoc
717 1091 951 1142 diligentius,
972 1104 1092 1143 quam
1110 1091 1143 1129 si
1160 1104 1248 1130 mm
1264 1104 1324 1130 res

203 1151 314 1192 esset,
339 1147 436 1196 (quo
455 1153 510 1184 est
527 1145 722 1184 honestius
741 1145 789 1183 de
807 1145 1018 1184 amIcorum
1035 1144 1199 1197 pecunia
1215 1145 1322 1183 labo-

202 1210 299 1245 rare,
320 1211 440 1250 quam
459 1199 507 1237 de
525 1199 670 1244 su5)ut
688 1199 887 1250 negotium
905 1198 1184 1237 conficiendum
1202 1211 1322 1237 cures.

202 1251 298 1303 Ipse
328 1253 523 1304 suscipias,
555 1252 767 1303 transigas3
807 1265 1041 1304 operamque
1077 1252 1159 1301 deS,
1197 1251 1324 1304 quoad

200 1305 273 1344 tibi
293 1319 449 1357 aequum
468 1315 506 1345 et
534 1314 681 1344 rectum
707 1306 912 1353 videbitur,
938 1314 984 1344 ut
1008 1319 1128 1358 quam
1152 1318 1323 1345 commo-

201 1358 362 1397 dissima
391 1360 605 1398 conditione
631 1361 790 1399 libertus
814 1360 1026 1409 Strabonis,
1060 1359 1129 1412 qui
1158 1361 1242 1410 ejus
1266 1359 1322 1398 rei

201 1425 314 1451 causa
342 1413 482 1452 missus
512 1421 582 1461 est,
610 1414 808 1465 negotium
832 1413 1021 1461 conficiat,
1048 1414 1097 1452 ad
1125 1425 1325 1452 nummos-

199 1479 276 1517 que
294 1468 501 1518 perveniat.
531 1468 581 1506 Id
606 1476 644 1506 et
675 1468 773 1506 mihi
797 1468 1059 1519 gratissimum
1087 1467 1183 1513 erit3
1212 1473 1250 1506 et
1278 1473 1323 1505 tu

200 1519 282 1570 ipse
302 1521 350 1558 L.
371 1521 525 1559 Titium
544 1535 743 1572 cognosces
763 1521 932 1560 amicitia
950 1522 1019 1560 tua
1037 1521 1323 1572 dignissimum.

202 1574 321 1621 Quod
340 1582 383 1612 ut
402 1575 473 1613 tibi
491 1588 592 1613 curae
611 1575 672 1623 sit,
689 1579 751 1619 (ut
761 1576 891 1614 omnia
905 1575 1027 1614 solent
1045 1588 1138 1622 esse,
1158 1588 1245 1626 quae
1257 1587 1322 1612 me

199 1629 297 1721 {3118
329 1628 421 1679 scis)
449 1636 487 1667 te
517 1629 758 1669 vehementer
785 1629 897 1668 etiam
925 1636 1041 1682 atque
1070 1629 1188 1668 etiam
1215 1641 1322 1681 rogo.

280 1695 311 1720 e.

241 1839 258 1890 (
277 1838 360 1889 15.)
390 1839 452 1878 M.
466 1839 516 1878 T.
531 1840 576 1879 C.
607 1840 653 1879 C.
683 1840 923 1889 CAESARI,
953 1841 1077 1880 IMP.
1105 1842 1146 1882 S.
1161 1842 1209 1881 P.
1223 1840 1279 1880 D.

252 1947 576 1997 (Argumentum.
591 1970 644 1977 --
659 1948 895 1993 Praecilium,
908 1948 1200 1997 adolescentem,
1213 1957 1322 2001 patre

197 2007 335 2038 natum
356 2001 514 2040 Caesaris
534 2002 778 2052 amicissimo,
800 2003 1055 2042 commendat.
1084 2003 1233 2043 Caesare
1255 2004 1321 2043 IV

198 2052 287 2092 Cos.
306 2054 387 2093 sine
405 2054 582 2107 collega.)

251 2162 470 2201 Praecilium
502 2163 572 2202 tibi
603 2163 829 2203 commendo
858 2164 986 2212 unice,
1019 2165 1078 2203 tui
1106 2165 1320 2214 necessarii,

196 2215 274 2254 mei
301 2216 602 2265 familiarissimi,
633 2217 706 2256 viri
732 2217 871 2269 optimi
901 2192 1055 2266 filiu’m;
1086 2232 1203 2271 quem
1232 2233 1319 2259 cum
