1513 2382
337 64 420 104 AD
439 63 739 104 DIVERSOS.
761 63 862 102 LIB.
883 64 1004 104 XVI.
1024 64 1088 102 21.
1205 64 1273 102 13]

153 184 241 214 cens
254 172 303 212 de
319 186 383 212 me
401 173 618 225 duplicetur
632 172 773 224 opinio.
801 172 947 221 Quare,
968 172 1073 224 quod
1092 172 1280 224 polliceris

152 236 192 267 te
221 228 502 266 buccinatorem
525 227 606 266 fore
631 227 921 265 existimationis
949 239 1060 275 meae,
1095 227 1206 266 firmo
1238 227 1279 265 id

154 282 421 333 constantique
439 282 569 320 animo
587 282 703 320 facias
725 281 825 320 licet.
855 282 1032 319 Tantum
1052 281 1155 320 enim
1180 282 1279 319 mihi

152 336 323 375 dolorem
347 336 636 388 cruciatumque
655 336 867 374 attulerunt
885 343 1008 374 errata
1026 336 1147 374 aetatis
1165 348 1277 381 meae,

149 397 195 428 ut
219 402 297 429 non
323 391 449 429 solum
479 391 631 429 animus
656 404 680 428 a
707 390 830 439 factis,
855 390 921 429 sed
945 403 1056 428 aures
1082 403 1236 441 quoque
1255 404 1277 429 a

149 445 524 492 commemoratione,
540 445 781 483 abhorreant.
810 445 934 494 Cujus
952 451 990 482 te
1009 444 1276 483 sollicitudinis

146 506 184 537 et
213 498 354 537 doloris
374 499 601 551 participem
626 499 756 548 fuisse,
787 506 924 538 notum
955 499 1276 550 exploratumque

149 560 207 592 est
235 553 357 591 mihi:
388 566 459 592 nec
487 554 529 592 id
557 553 714 591 mirum.
754 553 877 603 Nam,
908 565 999 592 cum
1028 553 1159 591 omnia
1188 552 1275 592 mezi

149 605 263 646 causa
290 608 406 647 velles
424 607 522 646 mihi
547 620 738 654 successa3
767 614 855 646 tum
874 607 990 646 etiam
1008 605 1086 646 tua.
1117 607 1274 646 Socium

148 661 254 700 enim
285 667 324 700 te
348 675 524 700 meorum
550 662 842 701 commodorum
867 675 1016 714 semper
1046 674 1126 700 esse
1155 663 1274 700 volui.

147 715 267 763 Quod
285 715 404 768 igitur
415 723 500 754 tum
520 730 568 755 ex
582 729 646 755 me
664 717 834 765 doluisti,
854 728 972 766 nunc,
992 722 1038 755 ut
1056 715 1274 768 duplicetur

144 776 260 809 tuum
279 783 327 808 ex
347 783 411 809 me
429 771 631 822 gaudium,
651 773 852 822 praestabo.

199 825 384 876 Cratippo
401 837 480 873 me,
496 825 602 873 scito,
623 837 701 863 non
719 833 765 863 ut
783 824 1030 876 discipulum,
1051 824 1118 863 sed
1136 832 1180 864 ut
1198 825 1274 863 fili-

143 892 228 928 um,
249 892 329 918 esse
347 879 717 929 conjunctissimum.
758 879 867 918 Nam
895 892 985 917 cum
1016 879 1131 917 audio
1158 879 1273 918 illum

143 934 319 981 libenter,
339 940 425 971 tum
445 933 560 972 etiam
579 933 774 985 propriam
795 934 878 983 ejus
905 933 1134 972 suavitatem
1159 935 1274 973 vehe-

143 996 290 1026 menter
309 987 531 1039 amplector.
562 989 659 1027 Sum
678 994 776 1026 totos
788 988 868 1026 dies
888 1000 977 1026 cum
997 1000 1055 1035 eo,
1076 988 1275 1041 noctisque

143 1054 407 1094 saepenumero
433 1049 604 1093 partem:
635 1054 750 1080 exoro
769 1042 889 1091 enim,
909 1049 955 1079 ut
972 1054 1127 1080 mecum
1153 1056 1271 1094 quam

144 1096 351 1148 saepissime
369 1102 500 1134 coenet.
531 1096 620 1134 Hac
638 1095 855 1134 introducta
867 1096 1155 1144 consuetudine,
1172 1111 1271 1149 saepe

142 1150 390 1190 inscientibus
408 1150 519 1188 nobis
539 1157 576 1188 et
587 1150 824 1189 coenantibus
838 1150 1013 1202 obrepit3
1044 1151 1271 1203 sublataque

140 1205 338 1244 severitate
356 1204 623 1256 philosophiae,
642 1204 922 1243 humanissime
949 1204 1150 1244 nobiscum
1165 1207 1271 1255 joca-

138 1268 216 1298 tur.
259 1259 392 1307 Quare
411 1258 461 1297 da
485 1271 656 1310 operam,
677 1266 723 1297 ut
747 1259 851 1297 hunc
869 1259 1002 1307 talem,
1023 1267 1104 1297 tam
1128 1261 1271 1310 jucun‹

141 1314 251 1362 dum,
269 1321 348 1352 tam
369 1313 620 1352 excellentem
640 1313 768 1352 virum
787 1313 916 1352 videas
939 1327 1058 1365 quam
1081 1314 1268 1366 primum.

141 1369 249 1408 Nam
268 1366 364 1420 quid
383 1380 453 1418 ego
472 1367 520 1406 de
537 1367 694 1406 Bruttio
713 1367 839 1406 dicam
856 1371 874 1407 ¹?
904 1382 1021 1420 quem
1041 1369 1150 1407 nullo
1167 1376 1269 1408 tem-

138 1436 230 1475 pore
249 1436 272 1461 a
290 1435 353 1460 me
371 1422 497 1474 patior
514 1422 728 1461 discedere:
759 1423 869 1472 cujus
887 1436 978 1462 cum
996 1423 1101 1474 frugi
1119 1436 1269 1462 severa-

139 1491 215 1529 que
229 1484 286 1515 est
304 1476 396 1524 vita,
416 1483 502 1514 tum
521 1476 638 1515 etiam
653 1477 934 1527 jucundissima
946 1477 1142 1517 convictio.
1172 1478 1266 1517 Non

140 1539 196 1571 est
220 1531 325 1570 enim
349 1531 544 1581 sejunctus
569 1532 679 1581 jocus
698 1544 722 1570 a
745 1531 958 1583 philologia
976 1539 1014 1570 et
1041 1532 1267 1583 quotidiana

143 1589 276 1632 συζητη
284 1600 352 1623 σει.
382 1585 489 1624 Huic
507 1599 577 1637 ego
590 1586 719 1624 locum
738 1587 785 1624 in*
799 1587 977 1637 proximo
996 1586 1191 1632 conduxi3
1212 1595 1264 1635 et,

137 1647 183 1679 ut
205 1652 377 1691 possum,
401 1653 449 1678 ex
467 1641 562 1679 meis
581 1641 766 1692 angustiis
784 1640 888 1679 illius
911 1647 1081 1679 sustento
1100 1641 1266 1679 tenuita-

138 1702 230 1733 tem.
261 1694 450 1732 Praeterea
468 1694 712 1733 declamitare
733 1695 866 1733 Graece
880 1695 983 1746 apud
1005 1694 1186 1734 Cassium
1204 1696 1267 1734 in-

137 1749 270 1788 stitui:
301 1748 441 1787 Latine
459 1759 590 1787 autem
609 1749 714 1801 apud
732 1749 934 1788 Bruttium
954 1749 1119 1788 exerceri
1138 1750 1237 1788 volo.

210 1803 311 1842 Utor
346 1802 600 1841 familiaribus
637 1811 675 1842 et
702 1803 934 1855 quotidianis
967 1803 1262 1851 convictoribus,

135 1871 232 1910 quos
259 1869 389 1896 secum
417 1857 620 1909 Mitylenis
649 1857 858 1909 Cratippus
887 1857 1064 1907 adduxit,
1095 1857 1262 1896 homini-

134 1915 208 1952 bus
235 1920 273 1951 et
299 1911 420 1950 doctis
449 1918 487 1950 et
517 1912 576 1950 illi
603 1911 890 1964 probatissimis.
931 1912 1110 1952 Multum
1144 1912 1259 1951 etiam

134 1979 288 2006 mecum
325 1973 382 2005 est
416 1966 631 2018 Epicrates,
661 1967 838 2018 princeps
873 1965 1189 2015 Atheniensium,
1223 1975 1261 2005 et

134 2021 340 2069 Leonides,
366 2027 405 2060 et
436 2020 577 2060 horum
602 2020 726 2060 caeteri
756 2020 911 2060 similes.
945 2028 999 2059 Τα
1017 2038 1082 2071 μεν
1103 2037 1156 2059 ουν
1180 2021 1256 2058 καθ’

134 2077 232 2124 ἡμας
251 2075 349 2112 ταὸε.

186 2129 250 2170 De
273 2129 420 2183 Gorgia
439 2136 568 2170 autem
589 2130 694 2182 quod
712 2129 809 2169 mihi
835 2130 980 2181 scribis,
1002 2138 1082 2170 erat
1098 2130 1255 2183 quidem
