1513 2382
304 101 388 140 AD
415 101 702 142 ATTICUM.
731 102 831 141 11111.
852 101 886 140 Ι.
915 103 976 141 16.
1093 111 1101 116 ·
1129 103 1204 141 159

91 219 225 247 omnae
253 220 330 248 non
359 209 476 248 modo
503 209 691 258 hominos,
724 223 857 249 verum
886 210 1000 248 etiam
1028 209 1205 261 pecudes,

93 261 240 300 factum
257 275 337 301 oese
355 263 488 309 sciant,
503 263 544 300 id
563 263 745 312 Talnam,
762 272 799 302 et
817 264 1017 311 Plautum,
1032 274 1068 301 et
1083 264 1206 314 Spon-

92 315 213 365 giam,
247 323 284 354 et
315 325 465 355 caeteras
500 317 722 366 hujusmodi
753 317 990 370 quisquilias,
1028 325 1205 365 statuere,

95 380 296 420 nunquam
315 383 393 409 esse
411 370 569 410 factum.

149 422 225 461 Sed
253 431 396 473 tamen,
434 433 478 463 ut
514 433 551 463 te
582 424 629 463 de
660 437 700 463 re
728 425 883 477 publica
919 424 1100 473 consoler,
1131 436 1209 462 non

92 475 161 524 ita,
181 484 226 515 ut
243 477 440 529 speer
457 479 564 525 mali,
581 486 686 517 tanto
703 479 879 531 imposito
897 478 1113 530 reipublicae
1125 478 1211 515 vul-

94 542 198 575 nere,
228 532 361 570 alacris
394 533 558 570 exsultat
584 533 807 584 improbitas
834 534 875 571 in
897 531 1064 571 victoria.
1102 532 1209 569 Nam

95 584 208 635 plane
237 585 291 623 ita
322 594 566 637 putaverunt,
591 599 678 624 cum
709 587 856 638 religio,
888 600 977 625 cum
1012 585 1210 638 pudicitia,

94 650 186 676 cum
209 639 441 689 judiciorum
468 640 576 688 fides,
600 654 689 679 cum
719 644 868 679 senatus
895 641 1096 679 auctoritas
1122 651 1211 677 con-

96 691 258 741 cidisset,
289 693 382 742 fore,
417 702 462 732 ut
494 703 621 745 aperte
653 694 788 733 victrix
819 695 990 756 nequitia
1021 707 1064 732 ac
1092 693 1211 731 libido

95 757 226 805 poenas
253 748 301 785 ab
323 748 468 809 optimo
493 761 646 809 quoque
666 757 808 799 peteret
833 751 893 787 sui
917 748 1068 794 doloris,
1095 760 1212 799 quem

97 798 379 860 improbissimo
408 802 546 854 cuique
581 802 767 841 inusserat
795 802 971 842 severitas
999 802 1213 840 consulatus

95 853 185 891 mei.

153 907 265 946 Idem
297 922 367 960 ego
389 909 454 948 ille
479 912 574 953 (non
597 910 700 949 enim
728 910 826 948 mihi
855 910 982 949 videor
1009 909 1212 948 insolenter

98 960 266 1011 gloriari,
286 975 374 1001 cum
394 963 441 1002 de
454 976 518 1002 me
535 965 639 1015 apud
657 973 694 1003 te
711 965 891 1017 loquor,
880 977 922 1002 111
941 977 985 1002 ea
1003 963 1213 1015 praesertim

98 1014 270 1066 epistola,
288 1030 404 1068 quam
416 1018 504 1056 nolo
523 1019 606 1056 aliis
625 1017 719 1069 legi)
739 1019 881 1066 idem,
871 1030 1046 1069 mquam,
1068 1030 1137 1068 ego
1155 1030 1215 1055 re-

99 1069 222 1107 creavi
240 1070 397 1109 afflictos
408 1071 555 1109 animos
574 1073 776 1120 bonorum,
789 1084 1108 1123 unumquemque
1126 1083 1215 1108 con-

99 1121 270 1172 firmans,
301 1125 480 1163 excitans.
524 1125 761 1164 Insectandis
788 1139 876 1164 vero
904 1124 1216 1175 exagianue

98 1177 325 1216 nummariis
350 1179 557 1227 judicibus,
587 1192 742 1218 omnem
767 1180 946 1218 omnibus
971 1178 1146 1217 studiosis
1172 1190 1216 1216 ac

98 1229 311 1270 fautoribus
328 1232 431 1271 illius
450 1233 615 1272 victoriae
634 1236 835 1284 παῤῥησιαν
851 1233 999 1284 eripui:
1035 1232 1217 1270 Pisonem

98 1285 295 1323 consulem
312 1285 448 1324 nulla·
437 1300 478 1325 111
496 1301 536 1326 15
554 1287 752 1326 consistere
764 1299 940 1338 unquam
959 1299 1045 1325 sum
1058 1299 1214 1337 passus.

98 1337 324 1399 desponsam
341 1340 490 1379 homini
511 1343 594 1402 jam
621 1341 770 1392 Syriam
790 1341 942 1380 ademi:
973 1349 1148 1378 senatum
1167 1339 1218 1377 ad

60 1393 63 1394 ⁷
97 1392 298 1442 pristinam
317 1406 428 1432 suam
447 1395 683 1434 severitatem
697 1395 881 1443 revocavi,
897 1401 1011 1446 atque
1023 1394 1216 1443 abjectum

99 1446 280 1485 excitavi:
295 1447 476 1486 Clodium
488 1457 713 1500 praesentem
723 1448 867 1510 fregiin
880 1455 1026 1496 senatu,
1035 1460 1124 1486 cum
1133 1460 1218 1486 ora-

100 1499 203 1538 tione
220 1503 418 1553 perpetua,
438 1502 658 1554 plenissima
675 1502 882 1553 gravitatis,
903 1509 989 1540 tum
1008 1501 1218 1539 altercatio-

100 1565 168 1591 115
178 1555 378 1604 ejusmodi,
398 1569 446 1594 ex
464 1570 540 1608 qua
557 1556 644 1594 licet
662 1569 784 1607 pauca
802 1556 1004 1607 degustes:
1034 1567 1126 1592 nam
1146 1567 1217 1593 cae-

102 1613 184 1645 tera
193 1620 269 1646 non
284 1617 443 1660 possunt
453 1610 591 1649 habere
602 1623 732 1671 neque
738 1610 818 1647 vim
831 1616 1216 1660 nequevenustatem,

100 1670 248 1701 remoto
269 1663 336 1702 illo
353 1663 478 1703 studio
505 1664 768 1713 contentionis,
795 1676 911 1715 quem
932 1679 1048 1711 oeswm
1066 1675 1132 1701 vos
1150 1675 1219 1713 ap-

102 1716 265 1766 pellatis.

156 1770 280 1820 Nam,
300 1779 345 1810 ut
364 1772 498 1811 Idibus
516 1772 618 1811 Maii
634 1772 676 1810 111
690 1779 864 1810 senatum
884 1769 1145 1818 convenimus,
1157 1781 1218 1807 ro-

102 1831 215 1874 gatus
234 1838 304 1876 ego
330 1827 569 1874 sententiam,
591 1827 717 1864 multa
741 1826 822 1863 (1131
846 1825 893 1863 (15
915 1836 1068 1862 summa
1088 1836 1128 1861 re
1145 1836 1219 1874 pu-

103 1877 230 1924 blica3
260 1887 374 1931 atque
391 1881 456 1918 ille
473 1881 578 1919 locus
604 1880 782 1918 inductus
800 1892 823 1916 a
846 1891 909 1916 me
936 1886 991 1916 aet
1008 1876 1216 1915 divinitus·
1203 1905 1216 1922 ,

104 1942 166 1979 ne,
186 1933 266 1971 una
283 1934 397 1985 plaga
416 1935 582 1986 accepta,
601 1941 726 1985 patres
745 1931 944 1983 conscripti
963 1930 1215 1979 conciderent,

104 1995 153 2023 ne
170 1985 397 2027 deficerent.
426 1989 567 2027 vulnus
590 2001 668 2026 esse
690 1986 891 2036 ejusmodi,
911 1984 1015 2037 quod
1032 1984 1130 2022 mihi
1147 1996 1218 2022 nec

103 2037 425 2080 dissimulandum
449 2055 518 2080 nec
527 2040 886 2103 pertimescendum
914 2039 1128 2077 videretur:
1169 2049 1217 2076 ne

104 2100 173 2130 aut
189 2096 421 2134 metuendo
410 2095 659 2147 ignavissimi,
678 2102 745 2132 aut
762 2093 971 2145 ignorando
989 2091 1216 2139 stultissimi,

102 2146 384 2194 judioesemur.
412 2150 473 2189 bis
491 2150 709 2189 absolutum
729 2160 809 2186 esse
827 2148 1055 2194 Lentulum,
1069 2146 1129 2184 bis
1141 2145 1218 2184 Ca-

105 2198 282 2250 ffliuauu
310 2203 414 2244 hunc
430 2204 588 2243 tertium
603 2203 687 2253 jam
706 2215 785 2241 esse
802 2214 826 2240 a
840 2199 1062 2252 judicibus
1051 2212 1092 2238 111
1117 2211 1219 2238 15111-
