1513 2382
235 97 289 137 36
407 94 489 133 AD
518 92 815 134 DIVERSOS.
846 93 948 132 1113.
970 92 1096 133 XIII.
1118 94 1186 139 37.

296 203 410 252 (36.)
439 201 502 241 Μ.
518 202 570 241 Τ.
587 202 632 241 C.
660 201 882 253 ACILIO,
912 201 1077 242 PROC.
1105 202 1146 241 S.
1163 201 1210 240 P.
1225 199 1281 239 D.

290 310 613 360 (Argumentum.
626 336 680 342 -—
691 309 936 348 Demetrium
956 308 1119 359 Megam
1136 308 1178 346 in
1196 308 1284 358 jure
1298 304 1351 345 ci·

234 364 375 413 vitatis,
391 365 609 416 caeterisque
626 366 753 412 rebus,
770 362 1042 412 commendat.)

290 472 394 511 Cum
420 471 620 510 Demetrio
650 471 772 523 Mega.
800 471 898 509 mihi
923 478 1116 510 vetustum
1140 468 1351 522 hospitium

235 534 316 572 est;
345 526 582 564 familiaritas
613 534 743 564 autem
776 532 896 574 tanta,
930 533 1074 577 quanta
1103 537 1192 563 cum
1221 523 1351 563 Siculo

233 581 354 618 nullo.
383 580 435 618 Ei
449 580 665 628 Dolabella,
686 586 820 630 rogatu
838 592 939 626 meo,
960 579 1150 617 civitatem
1166 592 1189 617 a
1201 577 1351 617 Caesare

234 634 476 685 impetravit:
508 633 586 684 qua
603 633 644 670 in
663 646 703 671 re
726 646 795 684 ego
819 633 985 670 interfui.
1021 634 1160 684 Itaque
1178 644 1282 670 nunc
1301 631 1349 669 P.

234 688 434 726 Cornelius
453 695 617 725 vocatur.
648 687 840 738 Cumque,
860 694 1014 738 propter
1032 686 1218 737 quosdam
1230 685 1349 724 sordi-

232 742 300 784 dos
318 741 492 780 homines
511 741 578 791 qui
598 741 756 778 Caesaris
776 740 960 778 beneficia
983 740 1211 789 vendebant,
1237 741 1352 778 tabu-

232 796 326 842 lam,
346 795 387 832 in
402 795 480 846 qufi.
497 795 654 832 nomina
671 794 821 832 civitate
839 794 1065 832 donatorum
1078 794 1195 832 incisa
1213 799 1350 839 essent,

233 849 365 887 revelli
390 848 587 898 jussissem
619 848 742 886 eidem
785 848 1000 886 Dolabellae
1039 849 1121 900 (me
1152 845 1348 896 audiente)

234 902 361 940 Caesar
390 901 501 948 dixit,
532 901 630 939 nihil
659 914 752 949 esse,
784 901 888 953 quod
913 901 960 940 de
985 901 1108 953 Mega
1132 909 1349 948 vereretur3

233 956 461 995 beneficium
481 968 595 993 suum
609 955 650 992 in
665 968 709 993 eo
727 968 893 994 manere.

288 1010 377 1048 Hoc
395 1017 432 1047 te
444 1010 537 1047 seire
556 1009 675 1057 volui,
695 1016 740 1047 ut
755 1023 844 1047 eum
861 1009 902 1047 in
921 1009 1062 1048 civium
1081 1010 1351 1048 Romanorum

233 1076 395 1102 numero
426 1064 612 1102 haberes:
644 1063 861 1114 caeterisque
884 1063 924 1101 in
947 1065 1060 1102 rebus
1082 1064 1153 1102 tibi
1178 1077 1268 1102 eum
1297 1063 1352 1102 ita

233 1117 473 1163 commendo,
493 1124 538 1154 ut
555 1117 699 1165 majore
731 1117 856 1155 studio
885 1117 1080 1155 neminem
1108 1115 1352 1156 commenda-

233 1171 322 1209 rim.
351 1170 623 1209 Gratissimum
641 1170 739 1207 mihi
756 1170 902 1216 feceris,
923 1170 955 1209 si
973 1184 1063 1209 eum
1090 1170 1145 1209 ita
1162 1171 1348 1219 tractaris,

233 1232 278 1262 ut
291 1225 493 1275 intelligat,
509 1237 636 1262 meam
656 1224 1024 1263 commendationem
1043 1237 1185 1276 magno
1203 1225 1276 1264 sibi
1290 1237 1351 1263 or-

233 1285 414 1317 namento
432 1278 562 1316 fuisse.
587 1278 700 1316 Vale.

308 1444 419 1491 (37.)
449 1443 510 1481 M.
524 1442 574 1480 T.
589 1443 634 1481 C.
663 1441 882 1491 ACILIO,
912 1442 1076 1482 PROC.
1105 1443 1143 1482 S.
1162 1442 1207 1481 P.
1222 1442 1278 1482 D.

289 1552 612 1602 (Argumentum.
626 1577 681 1584 —
695 1551 953 1591 Commendat
971 1552 1163 1604 Hippiam
1189 1551 1231 1590 in
1254 1552 1351 1592 libe-

232 1605 378 1644 ratione
396 1605 617 1656 bonorum.)

288 1713 493 1765 Hippiam,
515 1714 721 1753 Philoxeni
735 1714 874 1762 filium,
889 1714 1145 1764 Calactinum,
1160 1714 1353 1766 hospitem

233 1774 271 1806 et
298 1768 549 1806 necessarium
574 1781 720 1817 meum,
754 1768 825 1807 tibi
846 1769 1072 1807 commendo
1099 1769 1141 1806 in
1166 1771 1354 1818 majorem

233 1821 406 1859 modum.
449 1823 550 1872 Ejus
578 1824 678 1861 bona
706 1822 1050 1874 (quemadmodum
1069 1822 1119 1860 ad
1136 1835 1200 1860 me
1227 1823 1354 1861 delata

233 1888 293 1912 res
316 1874 388 1924 est)
421 1876 574 1926 publice
599 1876 841 1927 possidentur
869 1876 992 1915 alieno
1021 1876 1191 1923 nomine,
1223 1883 1355 1915 contra

233 1929 335 1979 leges
361 1930 657 1968 Calactinorum.
700 1930 748 1967 Id
779 1930 810 1968 si
835 1929 890 1968 ita
918 1938 988 1978 est,
1018 1930 1133 1968 etiam
1159 1929 1240 1968 sine
1265 1930 1354 1968 mea

233 1983 575 2030 commendatione,
597 1985 644 2022 ab
665 1984 842 2035 aequitate
869 1983 938 2022 tua
958 1997 1018 2022 res
1043 1984 1128 2034 ipsa
1148 1983 1354 2035 impetrare

233 2036 360 2085 debet,
377 2044 421 2074 ut
440 2037 474 2074 ei
492 2037 705 2076 subvenias.
749 2038 920 2089 Quoquo
947 2037 1062 2076 modo
1081 2044 1211 2075 autem
1229 2050 1268 2076 se
1292 2050 1352 2076 res

233 2090 362 2138 habet,
382 2098 470 2142 peto
488 2105 511 2128 a
530 2100 580 2139 te,
601 2099 659 2140 ut,
678 2091 833 2129 honoxis
857 2091 935 2129 mei
961 2091 1088 2138 causa,
1119 2104 1208 2129 eum
1236 2104 1354 2143 expe-

234 2144 329 2194 dias,
350 2152 578 2196 tantumque
603 2146 638 2184 ei
663 2145 879 2185 commodes
899 2152 936 2184 et
952 2145 993 2184 in
1012 2145 1084 2184 hac
1107 2158 1149 2184 re
1166 2152 1204 2184 et
1220 2144 1261 2184 in
1280 2157 1353 2184 cae-
