1513 2382
295 115 368 153 160
502 115 585 154 AD
614 116 898 156 ATTICUM.
929 117 1028 155 ΙιιΒ.
1051 116 1083 155 Ι.
1118 118 1178 155 16.

282 222 476 273 publicam
494 223 721 263 immissum.
753 227 781 247 “
797 224 926 273 Erras,
947 223 1078 263 Clodi:
1100 235 1178 262 non
1195 229 1233 261 te
1246 222 1394 273 judiees

284 276 384 323 urbi,
405 277 470 315 sed
497 278 646 326 carceri,
672 279 933 323 reservarunt3
963 290 1087 329 neque
1114 285 1151 316 te
1171 276 1330 315 retinere
1351 275 1394 314 in

282 329 445 379 civitate,
466 331 531 369 sed
549 332 680 370 exsilio
694 332 854 382 privare,
870 332 1083 369 voluerunt.
1112 329 1392 378 Quamobrem,

283 391 408 433 patres
438 385 651 436 conscripti,
683 385 813 435 erigite
837 385 1011 430 animos3
1041 384 1198 422 retinete
1226 390 1390 422 vestram

281 435 518 487 dignitatem.
555 438 692 476 Manet
720 439 787 476 illa
808 439 848 476 in
873 438 1067 489 republica
1087 439 1275 476 bonorum
1300 447 1390 475 oon-

282 491 426 528 sensio:
459 491 566 530 dolor
584 492 735 530 accessit
752 492 860 530 bonis
879 491 992 538 viris;
1012 491 1131 530 virtus
1149 502 1226 529 non
1245 496 1301 529 est
1317 489 1392 527 im-

283 543 455 582 minuta:
496 545 592 583 nihil
624 553 679 583 est
705 545 836 583 damni
860 545 1004 583 factum
1033 545 1146 583 novi:
1177 543 1256 593 sed,
1286 542 1390 595 quod

282 605 375 644 erat,
395 597 594 636 inventum
614 606 679 637 est.
713 599 761 636 In
781 598 894 636 unius
912 598 1078 636 hominis
1094 597 1232 648 perditi
1246 595 1392 647 judicio

283 651 411 700 plures
429 651 569 690 similes
588 652 725 702 reperti
742 653 876 690 sunt.''
914 651 989 690 Sed
1010 651 1105 703 quid
1132 663 1203 701 ago
1216 652 1235 689 ?
1272 651 1390 688 Paene

282 705 490 743 orationem
518 705 559 743 in
588 705 786 757 epistolam
815 704 963 744 inclusi.
1008 704 1140 744 Redeo
1161 703 1211 743 ad
1234 704 1390 743 altera-

284 764 438 796 nonem.

336 812 466 863 Surgit
483 813 697 864 pulchellus
720 826 840 864 puerz
870 812 1000 862 objicit
1021 811 1132 860 mihi,
1154 824 1218 850 me
1235 810 1284 849 ad
1298 809 1393 848 Bai-

282 878 322 902 as
351 865 478 903 fuisse.
516 867 701 904 Falsum!
744 866 819 905 Sed
841 874 969 904 tamen
997 866 1092 918 quid
1119 865 1222 904 hoc?
1258 863 1392 903 Simile

282 926 351 964 est,
371 919 545 970 inquam,
570 920 679 971 quasi
698 920 798 959 dicas
817 920 856 957 in
882 926 1012 971 operto
1038 919 1167 957 fuisse.
1205 917 1316 966 Quid
1332 917 1393 955 in-

281 972 377 1022 quit,
398 973 544 1011 homini
562 974 745 1025 Arpinati
759 987 848 1012 cum
867 973 976 1024 aquis
994 972 1110 1011 caldis
1127 975 1144 1011 ?
1174 973 1314 1018 Narra,
1331 970 1392 1008 in-

279 1038 411 1076 quam,
431 1035 591 1078 patrono
609 1035 690 1076 tuo,
711 1028 779 1079 qui
796 1027 1002 1078 Arpinates
1020 1039 1138 1078 aquas
1149 1024 1363 1076 concupivit
1376 1037 1389 1062 :

278 1079 379 1116 nosti
398 1081 499 1118 enim
518 1081 695 1119 marinas.
725 1081 952 1132 Quousque,
977 1079 1118 1131 inquit,
1140 1080 1245 1117 hunc
1261 1089 1390 1129 regem

280 1132 445 1171 feremus
462 1136 480 1172 ἓ
522 1135 670 1184 Regem
697 1134 879 1185 appellas,
905 1134 1079 1184 inquam,
1104 1146 1194 1171 cum
1216 1133 1304 1171 Rex
1331 1130 1389 1169 tui

277 1186 510 1224 mentionem
528 1187 676 1224 nullam
694 1188 854 1226 fecerit?
885 1187 968 1239 (ille
985 1194 1114 1224 autem
1133 1186 1252 1236 Regis
1269 1185 1390 1222 haere-

279 1238 437 1276 ditatem
457 1253 524 1291 spe
542 1240 767 1288 devorarat.)
787 1240 976 1286 Domum,
991 1239 1131 1291 inquit,
1144 1238 1280 1278 emisti.
1307 1238 1390 1276 Pu-

280 1299 348 1338 tes,
368 1293 542 1343 inquam,
563 1294 697 1341 dicere,
715 1294 861 1343 judices
887 1293 1023 1332 emisti.
1056 1292 1228 1339 Juranti,
1247 1291 1388 1343 inquit,

278 1345 348 1383 tibi
372 1358 448 1383 non
468 1346 716 1385 crediderunt.
747 1347 852 1384 Mihi
866 1360 968 1393 vero,
987 1347 1161 1398 inquam,
1185 1345 1310 1384 XXV
1323 1347 1390 1395 ju-

277 1398 377 1437 dices
404 1400 666 1438 crediderunt:
697 1401 863 1448 XXXI,
887 1400 1069 1451 quoniam
1099 1411 1279 1437 nummos
1300 1405 1388 1437 ante

277 1461 514 1503 acceperunt,
535 1453 605 1491 tibi
628 1454 726 1492 nihil
750 1453 999 1492 crediderunt.
1037 1452 1195 1504 Magnis
1213 1452 1388 1491 clamori-

279 1507 350 1544 bus
369 1506 544 1553 afflictus,
565 1507 755 1554 conticuit,
777 1514 813 1545 et
832 1506 1004 1545 concidit.

331 1560 472 1597 Noster
499 1568 628 1598 autem
651 1568 769 1599 status
798 1568 853 1598 est
873 1560 946 1598 hic.
984 1560 1104 1612 Apud
1125 1561 1244 1599 bonos
1269 1558 1385 1598 iidem

277 1625 423 1660 sumus,
440 1626 535 1664 quos
552 1614 762 1665 reliquisti3
783 1613 887 1664 apud
900 1613 1049 1652 sordem
1067 1614 1171 1652 urbis
1189 1621 1227 1652 et
1239 1613 1385 1659 faecem,

275 1667 399 1704 multo
424 1667 561 1705 melius
585 1679 701 1714 nunc,
723 1680 841 1719 quam
865 1667 1074 1719 reliquisti:
1104 1679 1196 1705 nam
1225 1674 1262 1705 et
1288 1666 1387 1705 illud

273 1720 382 1757 nobis
400 1732 477 1758 non
495 1722 614 1768 obest,
628 1721 746 1759 videri
763 1729 934 1759 nostrum
953 1721 1211 1759 testimonium
1230 1732 1306 1758 non
1320 1733 1386 1758 va-

276 1773 402 1812 luisse.
432 1773 579 1812 Missus
601 1782 656 1812 est
685 1775 838 1825 sanguis
862 1774 1015 1812 invidiae
1037 1774 1117 1812 sine
1143 1773 1300 1819 dolore3
1328 1781 1386 1811 at-

277 1840 352 1876 que
370 1827 482 1865 etiam
503 1827 574 1865 hoc
592 1828 727 1878 magis,
748 1827 852 1879 quod
870 1839 1001 1865 omnes
1018 1827 1076 1865 illi
1096 1827 1263 1865 fautores
1279 1827 1384 1865 iuius

275 1880 423 1930 flagitii,
443 1893 524 1918 rem
552 1881 791 1920 manifestam
818 1880 927 1919 illam
950 1881 1161 1919 redemtam
1184 1893 1264 1919 esse
1278 1894 1302 1919 a
1321 1881 1387 1931 ju-

276 1932 436 1981 dicibus,
457 1934 693 1972 confitentur.

328 1987 503 2033 Accedit,
523 1988 627 2038 quod
648 1988 716 2026 illa
736 1987 961 2027 concionalis
978 1987 1118 2026 hirudo
1143 1987 1279 2035 aerarii,
1306 1986 1382 2025 mi-

275 2051 357 2076 sera
386 2053 429 2078 ac
453 2041 587 2089 jejuna
614 2042 824 2092 plebecula,
847 2054 910 2079 me
935 2043 984 2080 ab
1008 2041 1080 2079 hoc
1097 2041 1246 2092 Magno
1270 2040 1382 2079 unice

274 2092 383 2144 diligi
399 2100 533 2144 putat:
556 2102 592 2132 et
611 2095 795 2142 (hercule)
813 2095 939 2133 multa
950 2102 988 2133 et
1001 2094 1173 2144 jucunda
1182 2105 1382 2133 consuetu-

275 2145 363 2184 dine
380 2147 571 2195 conjuncti
590 2148 687 2186 inter
704 2161 772 2187 nos
790 2161 937 2194 sumus,
962 2160 1084 2199 usque
1111 2160 1169 2194 en,
1195 2155 1241 2185 ut
1266 2147 1383 2186 nostri

270 2199 332 2237 isti
350 2200 606 2240 comissatores
625 2201 907 2252 conjurationis,
929 2200 1119 2242 barbatuli
1140 2202 1312 2252 juvenes,
1332 2200 1381 2238 il-
