1513 2382
318 80 401 118 AD
431 79 714 119 ATTICUM.
743 80 844 118 LIB.
875 81 909 119 Ι.
943 81 1003 118 14.
1146 81 1223 118 153

104 188 271 239 epistolae
290 195 440 240 tempus
458 188 674 236 habuerim,
695 196 811 240 atque
827 188 869 226 id
887 195 1061 240 ereptum
1080 202 1100 228 e
1118 201 1225 226 sum-

104 241 177 280 mis
208 243 530 294 occupationibus.
560 243 693 281 Prima
722 242 851 281 concio
884 243 1062 294 Pompeii
1098 242 1224 294 qualis

103 295 250 343 fuisset,
283 297 414 348 scripsi
442 296 492 335 ad
523 304 562 335 te
590 305 715 346 antea,
752 309 830 335 non
857 297 1031 346 jucunda
1059 297 1222 344 miseris,

101 349 226 388 inanis
243 350 442 401 improbis,
461 350 580 389 beatis
598 363 675 389 non
693 358 815 401 grata,
835 350 945 389 bonis
971 363 1048 388 non
1067 350 1192 401 gravis
1210 365 1235 388 a

101 403 232 454 itaque
248 404 423 455 frigebat.
459 404 581 452 Tum,
603 405 754 443 Pisonis
772 404 937 443 consulis
964 404 1151 456 impulsu,
1170 404 1226 442 le-

102 456 278 496 vissimus
297 459 474 497 tribunus
493 459 629 510 plebis,
655 458 806 506 Fufius,
836 458 878 496 in
897 458 1116 497 concionem
1135 471 1226 509 pro-

103 511 215 549 duxit
234 513 478 564 Pompeium.
517 513 598 551 Res
617 515 801 564 agebatur
826 513 867 550 in
887 513 983 550 circo
1002 512 1196 550 Flaminio
1209 526 1221 549 z

101 572 139 603 et
157 573 236 603 erat
252 567 294 604 in
313 580 357 605 eo
375 567 458 618 ipso
475 568 558 606 loco
575 567 642 605 illo
661 567 722 604 die
740 567 1003 604 nundinarum
1022 580 1225 615 πανηγυρις.

102 619 292 667 Quaesivit
310 634 357 659 ex
377 634 435 667 e0,
455 621 667 672 placeretne
686 620 735 667 ei,
753 621 900 670 judices
918 634 941 658 a
958 627 1118 672 praetore
1132 619 1225 670 legi,

100 686 180 724 quo
198 674 353 713 consilio
371 675 474 713 idem
489 683 627 725 praetor
641 682 834 712 uteretur:
864 674 906 712 id
930 682 1060 712 autem
1080 681 1159 711 erat
1177 673 1227 711 de

101 727 287 766 Clodiana
297 729 478 779 religione
492 730 540 766 ab
556 737 689 767 senatu
702 728 964 766 constitutum.
985 728 1094 765 Tum
1107 728 1227 765 Pom-

101 782 210 832 peius
239 783 332 827 μαλ’
367 797 679 831 αριστοκρατικως
707 782 857 820 locutus
886 789 967 826 est3
998 783 1226 832 senatusque

101 835 363 874 auctoritatem
382 836 454 873 sibi
472 835 650 873 omnibus
669 835 711 872 in
729 837 843 873 rebus
862 835 1075 873 maximam
1089 834 1224 882 videri,

100 902 327 940 semperque
342 889 462 927 visam
482 902 574 935 esse,
595 889 803 940 respondit,
825 897 862 927 et
877 889 920 927 id
938 888 1073 927 multis
1085 887 1224 927 verbis.

156 944 295 982 Postea
313 944 483 982 Messala
501 943 661 981 consul
650 956 691 981 111
707 950 839 981 senatu
854 943 902 981 de
917 943 1103 994 Pompeio
1117 955 1224 1003 quae-

99 997 199 1045 sivit,
221 997 315 1049 quid
341 997 388 1035 de
406 997 600 1048 religione,
629 1005 666 1035 et
685 997 732 1035 de
750 996 996 1048 promulgata
1013 996 1222 1057 rogatione,

100 1051 266 1090 sentiret.
295 1051 466 1089 Locutus
494 1052 549 1089 113
571 1058 625 1088 est
649 1050 691 1088 in
711 1059 858 1099 senatu,
890 1059 934 1088 ut
963 1051 1094 1089 omnia
1117 1049 1224 1088 illius

98 1105 240 1144 ordinis
261 1105 434 1143 consulta
452 1121 521 1152 γευ.
514 1120 598 1146 ,κως
615 1104 814 1143 laudaret:
843 1105 1032 1165 mihique,
1058 1113 1104 1142 ut
1122 1117 1222 1142 asse-

97 1159 168 1208 dit,
193 1159 305 1207 dixit,
337 1172 375 1197 se
393 1166 542 1210 putare,
574 1158 663 1196 satis
682 1160 730 1197 ab
761 1172 800 1197 se
818 1159 934 1197 etiam
952 1158 1000 1197 de
1021 1157 1142 1210 [istis]
1163 1171 1222 1196 re-

95 1214 170 1252 bus
188 1227 267 1252 esse
284 1225 520 1264 responsum.

152 1266 328 1315 Crassus,
341 1275 590 1319 posteaquam
604 1267 713 1316 vidit,
729 1267 843 1306 illum
861 1268 1050 1319 excepisse
1063 1266 1220 1306 laudem

96 1335 145 1361 ex
175 1335 220 1360 eo
246 1321 351 1374 quod
381 1321 662 1373 suspicarentur
690 1322 865 1360 homines
907 1322 942 1360 ei
978 1322 1222 1361 consulatum

95 1389 229 1415 meum
247 1376 409 1428 placere,
431 1376 608 1421 surrexit,
629 1376 942 1428 ornatissimeque
960 1376 1008 1414 de
1026 1388 1113 1414 meo
1132 1388 1224 1413 con-

96 1430 225 1469 sulatu
243 1431 394 1469 locutus
413 1437 492 1476 est3
523 1437 568 1468 ut
585 1430 640 1468 ita
658 1430 812 1479 diceret,
833 1444 885 1478 se,
917 1430 1023 1482 quod
1047 1438 1143 1468 esset
1161 1442 1222 1467 se-

95 1493 218 1532 nator,
239 1484 343 1536 quod
362 1484 466 1532 civis,
487 1484 592 1535 quod
609 1484 720 1531 liber,
741 1485 846 1536 quod
863 1484 1019 1533 viveret,
1038 1483 1136 1521 mihi
1155 1497 1219 1522 ac-

96 1546 251 1590 ceptum
270 1538 432 1584 referre3
463 1538 611 1589 quoties
629 1539 845 1590 conjugem,
867 1538 1014 1590 quoties
1039 1537 1215 1585 domum,

96 1592 244 1644 quoties
261 1593 426 1644 patriam
445 1592 602 1640 videret,
631 1592 741 1631 toties
771 1606 810 1631 se
837 1592 1067 1631 beneficium
1085 1603 1220 1629 meum

96 1646 235 1685 videre.
269 1646 378 1694 Quid
396 1647 552 1685 multa?
582 1654 708 1685 totum
726 1647 830 1686 hunc
848 1647 991 1693 locum,
1012 1658 1130 1697 quem
1148 1658 1221 1696 ego

95 1700 198 1739 varie
228 1701 324 1739 meis
347 1700 595 1749 orationibus,
627 1714 793 1752 quarum
822 1709 865 1739 tu
891 1699 1138 1738 Aristarchus
1163 1712 1219 1747 05,

95 1756 197 1793 soleo
215 1755 386 1806 pingere,
406 1754 454 1792 de
472 1754 646 1802 flamma,
667 1754 714 1793 de
731 1755 845 1803 ferro,
868 1753 988 1806 (nosti
1004 1753 1090 1791 illas
1104 1760 1219 1796 ληκυ-

95 1807 189 1858 θῡυς)
209 1809 320 1847 valde
337 1809 501 1859 graviter
519 1808 722 1860 pertexuit.

149 1863 333 1901 Proxime
351 1862 585 1913 Pompeium
599 1862 789 1900 sedebam.
818 1862 1000 1901 Intellexi
1016 1860 1214 1899 hominem

94 1917 264 1963 moveri;
294 1925 428 1955 utrum
449 1916 632 1955 Crassum
659 1916 755 1954 inire
780 1929 865 1955 eam
892 1915 1070 1968 gratiam,
1095 1927 1216 1967 quam

92 1971 174 2022 ipse
198 1970 512 2022 praetermisisset,
543 1983 592 2008 an
621 1983 700 2008 esse
718 1977 842 2009 tantas
859 1984 917 2009 1oe
938 1978 1097 2017 nostraS‚
1128 1982 1216 2020 quae

92 2033 174 2063 tam
191 2025 327 2063 libenti
345 2032 477 2063 senatu
495 2024 757 2072 laudarentur,
784 2027 833 2063 ab
855 2037 900 2063 eo
917 2023 1126 2075 praesertim
1146 2023 1216 2073 qui

92 2078 190 2116 mihi
207 2079 363 2117 laudem
381 2078 489 2116 illam
509 2091 552 2116 eo
566 2077 695 2115 minus
713 2078 878 2126 deberet,
898 2077 1000 2130 quod
1020 2077 1116 2116 meis
1130 2089 1215 2114 om-

91 2132 206 2171 nibus
223 2132 372 2172 literis
360 2145 401 2170 m
421 2131 658 2182 Pompeiana
671 2131 785 2171 laude
802 2133 1020 2184 perstrictus
1039 2139 1147 2170 esset.

146 2186 226 2226 Hic
242 2187 322 2226 dies
340 2200 404 2225 me
422 2185 532 2224 valde
552 2185 688 2224 Crasso
710 2185 912 2237 adjunxit:
942 2193 981 2225 et
998 2192 1142 2234 tamen,
1161 2185 1212 2222 ab
