1513 2382
327 64 410 102 AD
439 65 726 105 ATTICUM.
758 66 858 104 L113.
890 67 965 105 IV.
1004 68 1035 103 l.
1159 65 1234 103 241

122 170 208 209 disii
226 184 360 220 essem,
381 173 498 212 literis
516 173 657 222 Quinti
675 173 815 222 fratris,
835 173 996 212 mirifico
1015 173 1139 212 studio
1158 185 1245 211 om-

122 225 232 263 nium
263 234 419 265 aetatum
447 235 562 279 atque
594 228 788 275 ordinum,
815 228 1029 266 incredibili
1058 240 1243 266 concursu

123 279 263 326 Italiae,
282 281 409 331 legem
428 282 591 320 comitiis
611 282 830 320 centuriatis
849 294 929 320 esse
946 282 1146 333 perlatam.
1170 330 1176 331 ἶ

176 333 273 371 Inde
290 347 314 372 a
338 335 583 373 Brundisinis
608 336 883 374 honestissimis
908 343 1077 381 ornatus,
1098 335 1169 373 iter
1187 335 1244 372 ita

119 386 204 433 feci,
226 396 270 424 ut
290 389 460 440 undique
478 389 527 427 ad
556 403 620 427 me
638 403 727 428 cum
746 390 999 440 gratulatione
1017 389 1134 440 legati
1153 401 1242 426 con-

120 441 302 479 venerint.
331 443 401 480 Ad
419 444 568 482 Urbem
582 443 636 482 ita
655 443 755 491 veni,
771 452 816 482 ut
830 457 944 482 nemo
962 444 1080 481 ullius
1099 442 1242 480 ordinis

119 493 236 532 homo
264 497 539 536 nomenclatori
568 507 682 536 notus
713 497 842 544 fuerit,
868 498 936 550 qui
964 497 1063 535 mihi
1089 497 1244 535 obviam

119 559 197 586 non
227 551 384 598 venerit,
403 559 542 602 praeter
571 565 634 590 eos
659 551 846 600 inimicos,
877 552 1018 603 quibus
1043 551 1084 589 id
1113 550 1242 602 ipsum

119 613 197 640 non
215 603 344 642 liceret
362 612 429 643 aut
447 605 689 644 dissimulare
707 614 774 644 aut
792 619 942 657 negare.

166 655 281 696 'Cum
299 659 487 697 venissem
507 659 556 698 ad
573 667 724 711 portam
747 658 958 711 Capenam,
979 659 1120 711 gradus
1143 666 1245 698 tem-

118 709 273 761 plorum
288 714 337 750 ab
347 712 482 751 infima
496 714 607 764 plebe
622 715 801 765 completi
813 722 919 752 erant
933 729 943 752 ι
975 728 998 751 a
1012 714 1090 765 qua
1102 714 1242 765 plausu

119 765 292 804 maximo
305 779 394 804 cum
407 774 504 805 esset
514 767 611 805 mihi
623 768 827 818 gratulatio
843 768 1054 819 significata
1066 781 1078 813 ;
1107 767 1243 805 similis

119 825 157 855 et
189 818 404 870 frequentia
433 830 470 859 et
500 822 659 873 plausus
688 835 751 860 me
775 835 898 873 usque
928 822 977 860 ad
1006 821 1243 873 Capitolium

119 872 346 912 celebravit:
376 874 417 912 in
435 875 608 927 foroque,
630 883 666 913 et
684 875 724 913 in
743 876 825 927 ipso
848 874 1054 927 Capitolio,
1067 874 1243 913 miranda

119 926 330 966 multitudo
359 928 460 967 fuit:
490 930 671 981 postridie
703 930 744 967 in
775 938 923 978 senatu,
958 930 1026 982 qui
1056 929 1133 967 fuit
1161 929 1244 967 dies

119 979 225 1018 Non.
247 982 440 1033 Septemb.
462 984 610 1022 senatui
628 984 768 1035 gratias
787 985 948 1035 egimus.

173 1034 235 1072 Eo
260 1035 378 1074 biduo
407 1050 498 1075 cum
530 1046 626 1076 esset
651 1050 813 1077 annonae
839 1051 995 1076 summa
1024 1037 1172 1086 caritas,
1204 1046 1242 1076 et

117 1087 291 1127 homines
321 1089 371 1128 ad
398 1091 592 1129 theatrum
623 1091 763 1142 primo,
797 1092 933 1130 deinde
966 1092 1016 1130 ad
1048 1099 1242 1139 senatum,

117 1143 407 1193 concurrissent,
428 1145 601 1196 impulsu
623 1145 776 1192 Clodii;
802 1147 894 1184 mea
912 1146 1028 1197 opera
1056 1146 1240 1184 frumenti

116 1195 288 1248 inopiam
314 1211 394 1236 esse
423 1198 656 1246 clamarent3
687 1213 775 1238 cum
798 1214 866 1252 per
896 1213 959 1238 eos
985 1200 1064 1238 dies
1087 1208 1242 1238 senatus

117 1249 165 1288 de
183 1251 336 1289 annona
353 1252 570 1301 haberetur,
591 1262 628 1292 et
646 1254 696 1292 ad
715 1255 798 1304 ejus
817 1254 1139 1306 procurationem,
1161 1267 1241 1292 ser-

76 1310 79 1311 ’
115 1315 231 1343 mone
261 1317 339 1344 non
378 1307 504 1345 solum
535 1308 673 1359 plebis,
711 1321 847 1347 verum
879 1308 995 1347 etiam
1014 1309 1238 1356 'bonorum‚

115 1358 326 1410 Pompeius
355 1369 565 1410 vocaretur,
596 1362 714 1414 idque
736 1362 821 1414 ipse
849 1370 1029 1414 cuperet;
1059 1362 1241 1400 multitu-

115 1411 242 1464 doque
261 1427 284 1452 a
302 1426 365 1453 me
382 1415 627 1465 nominatim,
647 1425 692 1455 ut
713 1416 754 1454 id
783 1417 1037 1463 decernerem,
1068 1416 1240 1467 postula-

115 1474 198 1513 ret3
228 1467 314 1516 feci,
334 1475 372 1507 et
390 1477 562 1508 accurate
577 1471 804 1509 sententiam
818 1471 926 1517 dixi3
955 1483 1045 1509 cum
1065 1472 1243 1508 abessent

111 1521 342 1570 consulares,
364 1524 467 1574 quod
486 1531 570 1562 tuto
595 1538 635 1563 se
660 1533 844 1576 negarent
873 1538 983 1576 posse
1005 1524 1237 1563 sententiam

116 1573 253 1623 dicere,
273 1583 413 1626 praeter
432 1577 643 1617 Messalam
662 1587 699 1617 et
718 1579 940 1617 Afranium.

169 1628 333 1668 Factum
359 1638 416 1668 est
440 1634 830 1672 senatus-consultum
859 1633 900 1671 in
925 1645 1055 1671 meam
1085 1639 1237 1671 senten-

113 1681 223 1731 tiam,
244 1690 289 1722 ut
307 1697 396 1722 cum
423 1685 610 1738 Pompeio
629 1695 818 1738 ageretur,
837 1695 883 1725 ut
909 1700 994 1725 eam
1012 1700 1096 1725 rem
1118 1687 1237 1725 susci-

113 1744 234 1787 peret,
264 1737 406 1790 lexque
436 1738 624 1779 ferretur:
662 1754 740 1792 quo
770 1741 1112 1779 senatus-consulto
1142 1741 1237 1779 reci-

111 1797 206 1840 tato,
238 1804 328 1830 cum
357 1792 537 1833 continuo
567 1796 735 1847 populus
770 1795 894 1847 (more
922 1795 996 1833 hoc
1024 1794 1168 1832 insulso
1199 1803 1237 1834 et

112 1851 229 1893 novo)
259 1845 456 1897 plausum,
487 1859 574 1887 meo
609 1849 765 1887 nomine
796 1848 1002 1897 recitando,
1041 1848 1232 1895 dedisset3

111 1897 232 1937 habui
274 1900 521 1940 concionem:
563 1915 698 1941 omnes
732 1903 978 1953 magistratus
1014 1909 1233 1954 praesentes,

110 1961 248 2003 praeter
266 1967 392 1993 unum
409 1962 611 2007 praetorem
637 1965 675 1995 et
693 1956 789 1995 duos
808 1956 981 1996 tribunos
999 1957 1137 2009 plebis,
1167 1956 1236 1995 de-

111 2005 262 2045 derunt.

166 2060 354 2100 Postridie
384 2071 536 2103 senatus
565 2065 758 2117 frequens,
789 2073 827 2105 et
844 2078 978 2104 omnes
1003 2064 1234 2112 consulares,

111 2113 210 2152 nihil
221 2115 408 2168 Pompeio
421 2119 630 2169 postulanti
645 2120 848 2171 negarunt.
877 2120 952 2159 Ille
965 2120 1109 2171 legatos
1121 2118 1238 2170 quin-

111 2166 234 2265 deqilucm
252 2182 342 2208 cum
361 2173 584 2222 postularet,
604 2187 668 2213 me
685 2174 897 2227 principem
926 2173 1140 2212 nominavit
1156 2186 1168 2219 3
1198 2179 1238 2210 et

222 2224 338 2273 pist.)
358 2235 464 2264 vor„
488 2238 538 2265 11.
935 2238 965 2265 Y
