1513 2382
250 85 325 123 188
458 83 541 123 AD
570 83 854 124 ATTICUM.
884 83 984 123 Lm.
1012 83 1072 123 ΙΙ.
1104 84 1142 128 7.

241 189 348 238 cule)
366 197 409 228 ut
435 190 625 230 differrem
654 204 742 231 cum
772 204 817 230 eo
835 190 1096 230 vadimonium
1121 191 1232 243 (nam
1255 190 1354 229 mira

243 257 331 282 sum
353 244 543 283 alacritate
564 246 614 283 ad
634 245 906 296 litigandum„
937 245 1002 284 sed
1020 245 1218 283 videbatur
1241 244 1353 291 mihi,

242 298 275 335 si
293 297 387 348 quid
405 306 499 336 esset
516 298 557 335 in
576 312 619 337 eo
632 300 828 350 populare,
849 299 952 350 quod
970 299 1139 350 plebeius
1157 298 1280 336 faetus
1297 310 1355 336 es-

242 358 314 398 set,
332 351 373 388 id
398 351 617 390 amissurus.
647 352 756 399 Quid
779 353 881 390 enim
907 352 956 390 ad
976 353 1128 404 plebem
1149 351 1344 391 trans1sti.
1334 353 1353 378 9

243 411 288 442 ut
316 404 533 466 Tigranem
554 405 626 444 ires
658 406 889 444 salutatum.
879 408 897 434 9
935 407 1063 444 Narra
1090 405 1211 444 mihi.
1249 417 1355 464 reges

242 458 420 496 Armenii
438 459 612 510 patricios
624 460 785 498 salutare
795 472 872 497 non
887 460 1008 498 solent
1019 460 1036 495 ¹?
1065 459 1173 507 Quid
1185 458 1322 510 quaeris
1334 460 1353 496 ⁶?

242 511 437 549 Acueram
454 525 517 550 me
535 512 583 550 ad
602 512 869 564 exagitandam
882 513 981 561 hanc
998 514 1080 562 ejus
1098 513 1327 563 legationem
1340 525 1352 548 ε

243 577 362 616 quam
392 565 423 603 si
447 565 512 603 ille
538 566 758 612 contemnit,
783 574 820 604 et
850 566 881 604 si
908 567 971 617 (ut
995 566 1141 613 scribis)
1167 565 1284 604 bilem
1313 564 1355 602 id

245 625 457 656 commovet
478 626 516 656 et
544 619 726 657 latoribus
752 626 789 657 et
817 619 1035 670 auspicibus
1062 620 1157 670 legis
1181 618 1350 666 curiatae,

245 672 503 722 spectaculum
522 673 731 723 egregium.

298 725 480 772 Hercule,
511 738 643 763 verum
680 733 725 764 ut
757 726 977 777 loquamur,
1014 725 1356 765 subcontumeliose

243 784 425 816 tractatur
449 786 574 816 noster
592 779 779 818 Publius:
809 780 994 831 primum,
1022 779 1091 831 qui
1115 792 1205 817 cum
1229 779 1271 816 in
1288 778 1358 817 do·

242 844 307 869 mo
337 832 496 870 Caesaris
525 833 720 884 quondam
748 846 849 872 unus
867 833 925 871 vir
952 833 1081 881 fuerit,
1111 845 1214 871 nunc
1240 844 1290 870 ne
1315 832 1357 870 in

244 885 379 935 viginti
409 886 565 937 quidem
599 899 677 925 esse
705 887 897 938 potuerit:
935 887 1086 935 deinde,
1115 886 1191 924 alia
1217 885 1357 937 legatio

243 939 345 977 dicta
363 947 455 986 erat,
476 940 551 977 alia
568 939 656 978 data
668 948 734 978 est.
764 941 840 978 Illa
851 941 994 992 opima,
1010 940 1059 978 ad
1073 939 1276 991 exigendas
1289 953 1357 988 pe-

242 992 387 1039 cunias,
408 992 537 1031 Druso
553 996 612 1034 (ut
626 993 776 1044 opinor)
793 995 1024 1043 Pisaurensi,
1043 1007 1092 1032 an
1111 993 1265 1045 epuloni
1276 993 1358 1032 Va-

244 1046 351 1094 tinio,
368 1055 600 1085 reservatur:
615 1047 697 1086 haec
712 1049 847 1097 jejuna
864 1061 908 1086 ac
925 1049 1026 1086 bella
1043 1047 1223 1098 relegatio
1241 1047 1355 1085 datur

245 1099 294 1147 ei,
321 1101 432 1149 cujus
450 1101 665 1139 tribunatus
691 1101 740 1139 ad
767 1102 927 1140 istorum
945 1111 1117 1152 tempora
1134 1107 1357 1138 reservatur.

246 1152 412 1191 Incende
429 1153 639 1201 hominem,
660 1157 797 1193 amabo
814 1163 866 1203 te,
896 1155 999 1207 quod
1017 1162 1135 1206 potes.
1165 1154 1257 1192 Una
1274 1166 1359 1204 spes

244 1213 301 1246 est
319 1207 463 1254 salutis,
483 1207 643 1245 istorum
667 1208 765 1246 inter
789 1208 889 1259 ipsos
914 1208 1120 1246 dissensio:
1151 1208 1261 1256 cujus
1286 1219 1357 1257 ego

244 1260 422 1310 quaedam
446 1260 555 1298 initia
575 1262 674 1299 sensi
702 1275 750 1300 ex
775 1262 952 1300 Curione.
980 1262 1075 1299 Jam
1103 1273 1191 1299 vero
1215 1260 1356 1298 Arrius

244 1313 485 1351 consulatum
515 1314 587 1351 sibi
615 1323 786 1365 ereptum
815 1315 955 1353 fremit.
995 1313 1293 1366 Megabocchus,
1320 1320 1358 1352 et

244 1366 326 1404 haec
344 1367 585 1417 sanguinaria
605 1368 786 1416 juventus
807 1368 1069 1406 inimicissima
1091 1376 1158 1406 est.
1186 1367 1357 1406 Accedat

245 1433 347 1462 vero..
372 1420 522 1458 accedat
547 1420 661 1458 etiam
690 1421 762 1459 ista
788 1421 872 1459 rixa
899 1424 1129 1472 auguratum
1161 1433 1268 1472 spero
1293 1433 1357 1459 me

244 1473 442 1524 praeclaras
461 1473 508 1511 de
528 1473 609 1512 istis
630 1476 742 1513 rebus
767 1475 943 1526 epistolas
965 1474 1015 1513 ad
1038 1482 1076 1512 te
1094 1487 1193 1526 saepe
1216 1474 1356 1513 missu-

245 1539 345 1564 rum.

298 1580 387 1628 Sed,
420 1579 518 1618 illud
551 1581 644 1632 quid
673 1581 734 1630 sit,
768 1581 860 1620 scire
889 1582 1014 1633 cupio,
1024 1581 1142 1672 quold
1169 1580 1264 1642 jacis
1285 1582 1355 1620 ob-

244 1646 376 1682 scure,
382 1634 465 1682 jam
483 1634 599 1672 etiam
624 1648 673 1673 ex
689 1635 780 1686 ipsis
801 1635 974 1687 quinque
998 1635 1087 1674 viris
1110 1635 1218 1687 loqui
1242 1646 1356 1686 quos-

243 1687 346 1725 dam.
376 1687 576 1734 Quidnam
594 1688 635 1726 id
653 1696 731 1727 est.
721 1691 738 1715 9
768 1689 801 1727 si
819 1697 874 1727 est
893 1689 995 1727 enim
1013 1688 1173 1740 aliquid,
1193 1689 1282 1749 plus
1300 1694 1364 1726 est·

243 1741 348 1788 boni,
364 1754 482 1792 quam
496 1742 686 1793 putaram.
698 1743 831 1795 Atque
841 1743 937 1791 haec,
956 1744 1008 1781 sic
1019 1743 1134 1781 velim
1146 1742 1354 1789 existimes,

241 1807 318 1833 non
347 1807 411 1833 me
439 1797 507 1833 abs
536 1803 572 1834 te
604 1812 702 1834 κατα
745 1812 786 1834 το
815 1812 1012 1846 πρακτικον
1041 1809 1222 1848 quaerere,
1251 1795 1355 1847 quod

241 1848 377 1898 gestiat
393 1848 546 1887 animus
564 1850 711 1902 aliquid
728 1863 837 1902 agere
850 1850 888 1887 in
908 1863 948 1888 re
961 1850 1127 1911 publica.
1156 1850 1185 1888 J
1186 1862 1250 1887 am
1275 1849 1355 1903 pri-

242 1901 330 1939 dem
366 1904 577 1953 gubemare
611 1916 674 1942 me
709 1904 886 1952 taedebat,
930 1904 1046 1942 etiam
1081 1916 1166 1941 cum
1203 1900 1354 1941 licebat.

244 1955 362 1993 Nunc
381 1969 469 1994 vero
493 1969 583 1995 cum
610 1970 722 2009 cogar
746 1958 848 1996 exire
871 1932 919 1996 de
944 1958 1047 2005 navi,
1076 1969 1153 1995 non
1181 1955 1351 2005 abjectis,

243 2008 308 2046 sed
326 2009 461 2059 ereptis
479 2012 766 2072 gubernaculis3
787 2011 899 2063 cupio
916 2011 1076 2050 istorum
1094 2009 1294 2060 naufragia
1304 2021 1353 2047 ex

239 2062 342 2100 terra
359 2062 524 2110 intueri3
554 2065 680 2117 cupio,
700 2072 744 2103 ut
762 2065 814 2103 ait
832 2072 922 2103 tuus
940 2065 1084 2103 amicus
1102 2063 1321 2115 Sophocles,

423 2188 824 2200 ......................
850 2175 907 2197 και
927 2161 992 2196 ὑπο
1015 2173 1125 2213 cre-sq

401 2219 539 2257 Πυκνας
559 2229 620 2251 ane
625 2230 673 2251 vet
679 2214 872 2261 -ψεκαὸος
893 2212 1035 2265 εύὸουσῃ
1057 2220 1140 2262 φρει
1128 2228 1167 2251 ι.
