1513 2382
279 83 364 121 Al)
393 83 673 122 ATTICUM.
707 83 805 122 Lus.
838 82 961 121 vm.
989 83 1048 119 12.
1147 81 1226 119 385

107 192 275 242 accipere
305 191 435 236 nolui;
463 204 590 243 neque
621 204 723 238 cum,
755 198 841 241 post
866 190 1097 228 conditiones
1127 190 1229 240 pacis

107 257 176 295 per
201 244 250 282 L.
272 244 462 283 Caesarem
487 254 524 282 et
544 245 736 283 Fabatum
767 245 915 292 allatas,
942 245 1039 289 cavi,
1066 256 1114 281 ne
1147 243 1230 281 ani-

107 310 217 336 mum
247 299 330 348 ejus
360 298 605 345 offenderem,
640 299 701 337 cui
729 297 939 348 Pompeius
959 298 1041 346 jam
1061 304 1230 335 armatus

107 360 254 390 armato
268 353 510 391 consulatum
526 353 846 404 triumphumque
865 351 1037 390 deferret.

161 405 248 444 Nec
266 419 355 445 vero
380 406 462 444 haec
482 414 653 444 extrema
683 406 889 457 quisquam
914 412 1039 456 potest
1061 406 1148 454 jure
1170 417 1228 442 re-

109 459 354 510 prehendere,
372 460 476 511 quod
491 473 596 498 mare
607 473 683 498 non
700 458 912 497 transierim
930 474 939 496 ε
971 458 1011 496 id
1023 459 1142 503 enim,
1162 458 1231 497 etsi

107 520 188 551 erat
212 513 510 558 deliberationis,
541 523 670 552 tamen
693 513 798 551 obire
831 525 906 550 non
941 512 1076 563 potui:
1107 524 1232 562 neque

108 567 212 604 enim
248 568 432 619 suspicari
468 568 609 613 debui,
640 567 851 619 praesertim
883 579 987 614 cum,
1026 579 1074 604 ex
1111 565 1232 616 ipsius

109 620 287 672 Pompeii
311 621 445 668 literis,
474 622 610 672 (idem,
638 620 742 672 quod
773 619 881 658 video
908 628 946 657 te
979 619 1233 664 existimasse)

109 686 183 712 non
215 675 441 723 dubitarim,
462 675 558 726 quin
583 675 615 713 is
634 674 809 712 Domitio
835 674 1092 712 subventurus
1123 680 1230 711 esset.

108 727 162 766 Et
176 728 305 779 plane,
322 729 416 780 quid
431 737 591 777 rectum,
613 736 649 767 et
664 728 759 780 quid
773 727 991 766 faciendum
1007 727 1106 765 mihi
1120 733 1230 774 esset,

108 781 253 820 diutius
272 783 436 833 cogitare
447 783 580 821 malui.

163 836 343 874 Primum
377 836 508 887 igitur,
539 837 620 875 haec
650 836 780 888 qualia
809 835 880 874 tibi
911 848 990 874 esse
1016 834 1231 879 videantur,

109 890 178 928 etsi
198 889 410 942 significata
429 898 519 928 sunt
539 904 561 928 a
580 899 631 937 te,
652 898 781 928 tamen
801 889 1014 928 accuratius
1033 888 1130 926 mihi
1149 901 1235 940 per-

109 943 262 991 scribas,
303 943 445 982 velim:
477 943 615 982 deinde
648 943 795 995 aliquid
825 943 940 982 etiam
969 943 1010 980 in
1039 950 1234 994 posterum

108 997 337 1048 prospicias;
367 997 581 1049 fingasque,
604 1010 720 1049 quem
746 1010 808 1035 me
830 1009 911 1035 esse
937 995 1082 1045 deceat,
1110 1004 1148 1034 et
1166 995 1234 1033 ubi

108 1063 172 1089 me
195 1051 409 1102 plurimum
440 1051 618 1103 prodesse
651 1051 870 1102 reipublicae
901 1050 1066 1095 sentias;
1104 1062 1235 1100 ecquae

108 1104 264 1156 pacifica
291 1117 450 1156 persona
482 1105 739 1150 desideretur;
781 1117 830 1143 an
868 1104 908 1142 in
946 1104 1127 1142 bellatore
1159 1103 1235 1141 sint

107 1171 251 1197 omma.

162 1213 297 1264 Atque
315 1225 399 1264 ego,
425 1215 493 1266 qui
518 1215 647 1252 onmia
673 1213 795 1252 officio
814 1213 966 1259 metior,
987 1211 1159 1250 recordor
1178 1218 1235 1248 ta-

107 1278 198 1304 men
216 1274 284 1304 tua
300 1268 481 1313 consilia;
512 1269 654 1320 quibus
674 1268 706 1306 si
724 1266 952 1319 paruissem,
974 1265 1168 1304 tristitiam
1187 1264 1235 1301 il-

107 1320 234 1358 lorum
249 1328 468 1372 temporum
487 1334 564 1360 non
582 1322 795 1360 subiissem.
826 1320 1009 1367 Memini,
1031 1319 1126 1371 quid
1138 1317 1236 1356 mihi

109 1381 192 1412 tum
212 1375 374 1413 suaseris
400 1389 469 1427 per
487 1376 783 1426 Theophanem,
804 1387 872 1425 per
891 1373 1147 1412 Culleonem:
1177 1371 1237 1409 id-

106 1439 184 1478 que
208 1441 308 1479 saepe
326 1429 578 1479 ingemiscens
598 1442 684 1467 sum
704 1427 935 1467 recordatus.
964 1426 1112 1475 Quare,
1132 1437 1236 1463 nunc

107 1481 243 1520 saltem
259 1481 308 1520 ad
326 1482 411 1521 illos
427 1483 590 1521 calculos
608 1491 859 1528 revertamur,
880 1493 976 1532 quos
991 1488 1077 1518 tum
1097 1479 1237 1529 abjeci-

108 1546 223 1580 mus;
253 1542 298 1573 ut
315 1547 393 1574 non
419 1537 545 1575 solum
569 1536 742 1587 gloriosis
770 1534 938 1574 consiliis
967 1541 1140 1582 utamur,
1171 1532 1237 1570 sed

109 1588 226 1627 etiam
244 1589 361 1641 paulo
383 1588 654 1642 [salubribus.]
686 1589 762 1628 Sed
790 1588 888 1625 nihil
910 1587 1125 1639 praescribo.
1155 1586 1237 1625 Ac-

108 1649 252 1688 curate,
273 1643 403 1691 velim,
424 1643 632 1695 perscribas
651 1652 760 1682 tuam
780 1642 829 1679 ad
847 1654 911 1680 me
930 1641 1171 1680 sententiam.

162 1696 265 1735 Volo
284 1697 400 1735 etiam
415 1698 607 1749 exquiras,
629 1709 748 1748 quam
768 1695 1060 1746 diligentissime
1079 1694 1235 1746 poteris,

109 1749 286 1801 (habebis
308 1758 454 1798 autem,
474 1764 542 1802 per
561 1764 658 1802 quos
676 1750 812 1802 possis)
832 1749 927 1800 quid
943 1749 1136 1786 Lentulus
1149 1760 1237 1786 nos-

108 1812 179 1851 ter,
195 1803 290 1854 quid
308 1803 521 1852 Domitius,
540 1812 627 1855 agat
643 1819 656 1850 3
687 1804 782 1855 quid
801 1810 954 1841 acturus
974 1802 1036 1851 sit,
1051 1801 1238 1854 quemad-

109 1856 271 1895 modum
289 1869 392 1896 nunc
413 1870 452 1896 se
469 1866 629 1910 gerant3
660 1870 756 1895 num
777 1869 895 1908 quem
920 1864 1112 1903 accusent,
1140 1867 1237 1893 num

109 1910 172 1949 cui
200 1919 457 1949 succenseant.
500 1912 609 1960 Quid
628 1911 726 1960 dico,
747 1923 845 1949 num
863 1910 926 1948 cui
942 1912 960 1948 ?
989 1922 1085 1948 num
1116 1909 1236 1947 Pom-

108 1964 194 2015 peio
208 1966 225 2001 Ρ
256 1963 430 2003 Omnino
449 1966 604 2017 culpam
624 1977 780 2004 omnem
807 1963 1018 2015 Pompeius
1036 1964 1076 2001 in
1096 1961 1238 2001 Domi-

108 2018 208 2056 tium
241 2018 410 2057 confert:
440 2019 545 2070 quod
571 2019 692 2071 ipsius
723 2018 844 2057 literis
878 2017 1052 2068 cognosci
1086 2023 1235 2068 potest:

109 2084 275 2122 quarum
290 2073 513 2123 exemplum
529 2073 578 2111 ad
599 2080 634 2111 te
653 2073 777 2111 mitto.
809 2071 907 2110 Haec
922 2071 1040 2122 igitur
1058 2070 1205 2109 videbis
1224 2083 1236 2112 ς

108 2134 145 2164 et
176 2126 298 2176 (quod
316 2126 365 2165 ad
390 2134 428 2164 te
459 2134 547 2165 ante
572 2127 721 2179 scripsi)
754 2125 943 2165 Demetrii
975 2123 1172 2177 Magnetis
1191 2122 1238 2160 li-

161 2180 330 2232 (Epist.)
352 2190 456 2219 vot.
482 2191 532 2220 11.
885 2181 910 2217 2
933 2189 957 2217 L
