1513 2382
339 69 422 110 AD
441 70 736 113 DIVERSOS.
766 72 866 112 LIB·
885 72 1004 112 XIV.
1037 72 1099 111 12.
1223 71 1275 115 75

201 177 316 227 (11.)
343 177 529 219 M.T.c.
557 179 874 220 TERENTIAE
905 180 1027 220 SUAE
1058 180 1098 220 S.
1119 177 1232 218 P.D.

221 287 540 338 (Argumentum.
554 310 607 318 --
619 288 795 328 Tulliam
807 288 856 327 ad
870 302 909 328 se
922 288 1067 328 venisse
1077 286 1188 326 dicit:
1209 287 1282 326 sibi

164 348 294 380 autem
324 342 366 380 in
397 342 527 382 animo
557 355 637 382 esse
661 342 786 382 filium
819 343 869 382 ad
898 342 1088 382 Caesarem
1116 341 1280 381 mittere.

165 394 315 434 Eodem
334 394 467 446 anno.)

219 523 262 564 Si
279 524 381 563 valae
397 525 496 563 bene
520 532 601 563 est:
631 526 753 564 valeo.
807 524 942 564 Tullia
966 530 1094 563 nostra
1111 522 1215 562 venit
1234 520 1284 560 ad

165 589 230 616 me
242 578 364 630 pridie
379 578 474 617 Idus
492 579 522 617 ,J
524 579 606 616 unii
619 593 630 616 ε
661 581 770 630 cujus
783 579 935 617 summa
949 579 1087 617 virtute
1101 584 1138 615 et
1149 577 1283 627 singu-

164 632 237 670 lari
254 632 506 680 humanitate,
526 632 697 683 graviore
716 633 831 671 etiam
851 645 938 672 sum
956 632 1085 671 dolore
1110 630 1279 677 affectus,

165 686 296 724 nostra
312 686 458 725 factum
477 699 555 724 esse
573 687 821 737 negligentia,
843 694 889 724 ut
914 687 1028 737 longe
1053 684 1129 723 alia
1147 684 1188 721 in
1206 683 1285 721 for-

167 740 264 778 tun‘a
283 747 392 789 esset,
412 747 527 792 atque
546 741 627 789 ejus
645 741 765 790 pietas
792 752 836 778 ac
862 740 1026 791 dignitas
1054 738 1286 790 postulabat.

168 793 293 832 Nobis
313 801 392 832 erat
409 793 450 832 in
468 793 596 831 animo
612 793 833 832 Ciceronem
847 794 896 832 ad
911 794 1099 832 Caesarem
1117 791 1283 838 mittere,

169 854 207 885 et
226 860 313 886 cum
335 859 378 885 eo
398 847 470 886 Cn.
491 847 730 886 Sallustium.
757 847 800 886 Si
819 847 1010 898 profectus
1039 846 1122 892 erit,
1145 844 1284 883 faciam

167 907 207 938 te
237 901 445 940 certiorem.
485 900 760 939 Valetudinem
799 908 908 939 tuam
947 913 1039 940 cura
1073 899 1285 951 diligenter.

171 954 282 994 Vale·
311 955 442 995 XVII
463 954 650 994 Calendas
669 954 836 1002 Quintil.

275 1128 392 1180 (12.)
423 1129 484 1169 M.
500 1129 552 1169 T.
570 1128 617 1171 c.
650 1124 967 1169 TERENTIAE
998 1126 1039 1165 s,
1053 1124 1099 1165 P.
1116 1124 1172 1164 D.

224 1242 550 1296 (Argumentum.
567 1263 617 1272 —
632 1241 782 1293 Scripta
811 1239 970 1291 epistola
1001 1245 1090 1277 ante
1119 1233 1289 1289 superio-

170 1309 267 1344 rem,
287 1306 372 1349 post
384 1297 644 1336 Pharsalicam
656 1307 843 1348 pugnam,
861 1291 937 1344 qua
948 1291 1192 1344 gratulationi
1210 1289 1290 1329 Te-

169 1351 440 1458 {eexsiptiaedggpd
464 1351 645 1390 liberatus
667 1348 844 1402 periculis
868 1348 911 1386 in
939 1346 1096 1386 Italiam
1121 1344 1288 1393 redierit,

229 1532 348 1582 Quod
365 1545 434 1572 nos
452 1533 493 1571 in
512 1531 668 1571 Italiam
694 1531 817 1570 salvos
836 1529 981 1569 venisse
1009 1526 1177 1579 gaudem
1206 1538 1293 1578 per-

174 1595 291 1640 petuo
309 1587 488 1639 gaudeas,
508 1586 637 1625 velim.
665 1585 754 1632 Sed,
773 1583 985 1636 perturbati
1011 1582 1139 1620 dolore
1157 1579 1292 1629 animi,

175 1641 404 1693 magnisque
431 1640 595 1690 injuriis,
625 1647 755 1678 metuo
780 1651 828 1677 ne
845 1637 886 1676 id
905 1636 1050 1676 consilii
1068 1633 1294 1686 ceperimus,

176 1694 282 1747 quod
300 1707 377 1733 non
390 1695 500 1734 facile
513 1693 702 1745 explicare
712 1694 912 1744 possimus.
942 1690 1088 1738 Quare,
1104 1693 1295 1740 quantum

177 1755 299 1801 potos,
320 1748 471 1799 adjuva.
512 1747 621 1796 Quid
638 1755 769 1785 autem
793 1745 926 1797 possis,
946 1743 1044 1781 mihi
1067 1742 1108 1779 in
1126 1748 1296 1779 mentem

177 1815 257 1841 non
274 1803 389 1841 venit.
430 1803 481 1841 In
499 1802 602 1840 viam
619 1800 724 1852 quod
743 1807 780 1838 te
798 1800 864 1838 des
885 1799 958 1837 hoc
981 1805 1165 1847 tempore,
1197 1794 1296 1832 nihil

178 1863 236 1896 &st
252 1871 262 1895 τ
293 1864 330 1895 et
346 1857 509 1908 longum
528 1862 583 1893 est
600 1855 684 1902 iter,
699 1861 737 1892 et
754 1866 831 1892 non
850 1860 979 1891 tutum
996 1865 1007 1889 :
1028 1856 1067 1888 et
1079 1862 1156 1888 non
1171 1848 1294 1896 video,

177 1910 275 1963 quid
287 1911 462 1963 prodesse
474 1908 609 1962 possiS‚
629 1908 662 1946 si
677 1907 834 1947 veneris.
864 1905 976 1946 Vale.
1004 1903 1060 1943 D.
1075 1902 1197 1956 pridie
1211 1902 1253 1942 N
1254 1914 1296 1941 o-

179 1975 249 2005 nas
267 1965 461 2005 Novemb.
480 1962 703 2004 Brundisio.
