1513 2382
243 132 321 169 256
430 130 512 168 AD
541 130 826 169 ATTICUM.
855 131 954 170 Lus.
985 131 1059 171 IV.
1097 133 1159 171 14.

240 238 288 277 tis
321 237 570 289 Crassipedis,
601 237 711 289 quasi
738 238 778 276 in
805 238 1022 287 diversorio,
1052 251 1209 278 coenare.
1237 239 1353 278 Facio

238 291 414 330 fraudem
432 292 784 330 senatus-consulto.
814 292 912 331 Inde
930 292 1091 330 domum
1110 301 1290 340 coenatus,
1310 300 1354 330 ut

238 346 311 384 sim
347 357 460 384 mane
486 353 622 396 praesto
647 346 801 384 Miloni.
844 346 907 384 Ibi
939 354 977 384 te
1004 347 1122 398 igitur
1143 346 1293 395 videbo,
1316 353 1354 384 et

239 399 522 451 [promovebo]
552 399 704 438 Domus
723 407 759 438 te
776 407 904 439 nostra
921 407 1000 438 tota
1013 400 1164 439 salutat.

455 564 564 611 (13.)
594 563 805 602 CICERO
834 563 1055 603 ATTICO
1085 564 1125 602 S.

291 672 374 710 Nos
392 671 432 709 in
452 670 720 709 Tusculanum
740 671 885 709 venisse
903 684 937 709 a.
958 671 996 708 d.
1015 670 1149 709 XVII
1167 671 1250 710 Cal.
1271 671 1352 711 De·

236 727 356 764 cemb.
373 724 481 763 video
496 731 533 762 te
547 725 650 763 scire.
682 724 745 762 Ibi
759 724 970 776 Dionysius
987 724 1096 763 nobis
1113 733 1251 776 praesto
1264 725 1351 764 fuit.

235 780 373 817 Romae
391 792 425 817 a.
442 778 479 816 d.
500 778 613 816 XIII
634 778 792 817 Calend.
809 778 986 816 volumus
1005 791 1108 816 esse:
1139 779 1235 830 quid
1252 779 1350 827 dico,

233 834 442 871 volumus?
471 832 592 870 immo
628 845 717 870 vero
748 831 932 882 cogimur.
980 832 1142 870 Milonis
1177 833 1324 884 nuptiae
1337 848 1349 871 z

231 886 472 924 comitiorum
497 885 683 924 nonnulla
701 885 829 936 opinio
848 894 928 923 est:
962 884 1086 936 [ergo,
1107 894 1151 924 ut
1175 887 1207 924 si
1230 887 1347 938 rata]

230 940 412 978 Abfuisse
426 953 488 978 me
509 940 549 977 in
564 939 882 987 altercationibus,
903 952 999 990 quas
1016 939 1058 977 in
1076 948 1209 978 senatu
1229 940 1349 979 factas

227 994 356 1040 audio,
375 994 456 1032 fero
474 1006 550 1031 non
569 993 750 1031 moleste:
781 1005 872 1031 nam
884 999 951 1030 aut
962 992 1227 1042 defendissem,
1243 994 1347 1045 quod

227 1060 304 1086 non
323 1048 500 1098 placeret,
521 1055 587 1085 aut
605 1046 823 1094 defuissem,
844 1047 907 1085 cui
930 1059 1006 1084 non
1031 1055 1230 1097 oporteret.
1270 1047 1347 1087 Sed

228 1101 477 1147 (mehercule)
490 1101 618 1146 velim,
633 1113 691 1138 res
704 1100 809 1147 istas,
826 1108 863 1138 et
881 1107 1106 1152 praesentem
1118 1107 1260 1139 statum
1271 1101 1346 1139 rei-

225 1155 404 1207 publicae,
425 1163 462 1193 et
478 1167 555 1206 quo
573 1154 702 1192 animo
720 1154 892 1192 consules
905 1153 1029 1192 ferant
1046 1154 1150 1192 hunc
1171 1163 1344 1203 σκυλμον,

225 1209 408 1247 rescribas
427 1208 476 1246 ad
489 1221 565 1254 me,
579 1214 768 1259 quantum
786 1214 936 1259 potest;
967 1207 1077 1245 valde
1095 1220 1183 1246 sum
1202 1210 1342 1259 οξυπει-

225 1276 302 1306 νοςε
335 1269 385 1309 et,
406 1261 439 1299 si
457 1261 608 1313 quaeris,
629 1261 758 1299 omnia
775 1261 872 1298 mihi
890 1268 981 1299 sunt
999 1268 1182 1312 suspecta.

280 1316 463 1354 Crassum
482 1314 638 1366 quidem
657 1322 830 1352 nostrum
852 1314 1000 1352 minore
1024 1314 1208 1365 dignitate
1233 1313 1343 1352 aiunt

222 1369 436 1421 profectum
460 1367 702 1419 paludatum,
723 1380 842 1418 quam
869 1368 963 1405 olim
983 1368 1170 1419 aequalem
1189 1368 1272 1416 ejus
1289 1368 1341 1406 L.

224 1424 408 1469 Paulum,
439 1422 577 1460 iterum
607 1422 813 1459 consulem.
851 1420 889 1459 O
922 1420 1120 1459 hominem
1147 1422 1339 1474 nequam!

222 1478 286 1515 De
303 1476 410 1515 libris
429 1475 599 1513 oratoriis
619 1475 765 1513 factum
785 1482 839 1512 est
857 1488 881 1512 a
907 1487 971 1512 me
1002 1474 1215 1525 diligenter.
1256 1474 1339 1513 Diu

222 1531 470 1580 multumque
505 1529 546 1566 in
582 1529 761 1567 manibus
792 1530 970 1573 fuerunt3
1001 1528 1202 1578 describas,
1234 1529 1339 1568 licet.

223 1584 330 1623 Illud
349 1584 463 1622 etiam
483 1592 520 1620 te
538 1595 643 1633 rogo,
666 1599 728 1625 την
754 1597 935 1631 παρ-ουσαν
962 1597 1198 1619 καταστασιν
1217 1598 1341 1621 τυπω-

224 1638 305 1685 δως,
325 1650 373 1676 ne
391 1638 488 1675 istuc
505 1637 642 1689 hospes
661 1636 823 1674 veniam.

441 1796 553 1848 (14.)
584 1795 796 1835 CICERO
825 1794 1043 1833 A'r'rlco
1073 1795 1112 1833 s.

277 1911 474 1950 Vestorius
492 1918 617 1949 noster
634 1923 699 1948 me
715 1922 784 1960 per
800 1910 927 1948 literas
949 1909 1039 1948 fecit
1065 1908 1275 1954 certiorem,
1301 1913 1341 1944 te

223 1965 353 2003 Roma
373 1968 423 2008 (a.
444 1965 481 2002 d.
503 1965 565 2003 VI
587 1964 681 2002 Idus
700 1963 842 2010 Maias,
857 1970 1009 2014 putare)
1027 1961 1240 2013 profectum
1259 1972 1339 1998 esse

220 2019 364 2057 tardius
383 2031 502 2070 quam
527 2018 688 2064 dixerat,
709 2017 812 2068 quod
829 2016 958 2054 minus
976 2016 1167 2054 valuisses.
1197 2014 1238 2054 Si
1254 2014 1337 2063 jam

219 2073 358 2110 melius
377 2073 493 2119 vales,
513 2071 754 2109 vehementer
771 2070 931 2121 gaudeo.
958 2070 1104 2117 Velim,
1116 2069 1276 2107 domum
1290 2065 1340 2104 ad

219 2134 256 2164 te
275 2126 428 2173 scribas,
448 2133 493 2163 ut
510 2124 607 2162 mihi
632 2124 690 2162 tui
708 2124 796 2163 libri
814 2130 984 2175 pateant,
1010 2135 1087 2160 non
1106 2135 1225 2170 secus,
1246 2133 1290 2158 ac
1307 2119 1339 2158 si

216 2180 296 2230 ipse
321 2179 481 2226 adesses,
505 2191 593 2217 cum
623 2178 762 2226 caeteri,
791 2185 876 2215 tum
896 2176 1093 2215 Varronis.
1134 2175 1207 2214 Est
1234 2174 1337 2214 enim
