1513 2382
328 485 398 533 M.
434 481 667 533 TULLII
711 479 1074 530 CICERONIS

410 620 987 678 EPISTOLARUM

514 765 600 805 AD
628 764 904 805 ATTICUM

577 882 732 921 Lim-,n
762 882 847 921 111.

610 1020 803 1054 *-

483 1162 933 1202 ARGUMENTUM.

142 1272 448 1321 P.C1.o1›1us‚
485 1285 559 1324 ope
585 1274 632 1312 C.
669 1271 831 1312 Caesaris
876 1271 1058 1317 consulis,
1098 1273 1279 1311 tribunus

141 1329 196 1382 pl.
227 1327 458 1374 declaratus,
501 1335 546 1366 ut
582 1328 853 1390 magistratum
886 1327 987 1372 iniit,
1022 1327 1121 1365 illud
1155 1340 1280 1366 unum

139 1383 340 1436 spectavit,
370 1391 415 1421 ut
442 1382 504 1420 M.
528 1381 711 1421 Tullium
735 1381 1047 1421 inimicissimum
1071 1395 1186 1420 suum
1219 1382 1282 1420 ul-

139 1438 355 1477 cisceretur.
402 1437 543 1489 Itaque
575 1437 728 1476 duabus
758 1437 924 1489 legibus,
959 1449 1127 1488 quarum
1159 1437 1282 1475 altera

139 1492 398 1541 frumentum,
411 1492 517 1544 quod
536 1500 650 1531 antea
668 1492 783 1532 semis
803 1492 888 1531 aeris
907 1505 951 1530 ac
966 1491 1170 1530 trientibus
1185 1499 1283 1530 esset

140 1546 183 1585 in
213 1546 386 1598 singulos
415 1546 580 1596 modios,
607 1547 727 1599 gratis
751 1547 942 1586 dabatur:
973 1545 1093 1585 altera
1119 1558 1196 1584 non
1218 1559 1281 1584 so-

141 1601 228 1640 lum
247 1601 422 1653 collegia,
443 1615 532 1653 quae
557 1610 713 1641 senatus
732 1601 956 1649 sustulerat,
977 1600 1154 1639 restituta
1172 1608 1279 1648 sunt,

140 1656 209 1695 sed
238 1668 339 1695 nova
370 1655 487 1694 etiam
519 1669 568 1695 ex
598 1657 707 1695 omni
740 1657 848 1707 vulgi
867 1656 961 1694 faece
990 1664 1107 1707 atque
1127 1655 1281 1694 servitio

144 1710 363 1751 constituta.
391 1710 523 1750 Plebis
554 1711 752 1750 voluntate
782 1711 855 1750 sibi
885 1710 1084 1760 adjuncta,
1116 1709 1282 1761 rogatio-

142 1778 235 1805 nem
254 1765 518 1818 promulgavit
532 1773 664 1804 contra
683 1779 760 1815 eos,
782 1765 865 1818 qui,
879 1765 962 1803 sine
972 1764 1120 1815 judicio
1131 1764 1282 1816 populi,

143 1820 268 1860 civem
306 1821 536 1859 Romanum
573 1821 835 1865 necavissent3
878 1833 967 1872 quae
1003 1818 1156 1857 tametsi
1192 1831 1284 1857 cum

143 1875 256 1914 nullo
284 1874 516 1913 nominatim
559 1877 712 1927 agebat,
743 1887 859 1914 nemo
897 1882 1027 1912 tamen
1065 1873 1284 1921 dubitabat,

144 1930 241 1982 quin
261 1929 487 1970 Ciceronem
499 1939 660 1982 peteret,
677 1930 760 1982 qui,
774 1930 815 1967 in
828 1941 900 1967 suo
911 1928 1114 1966 consulatu
1117 1941 1285 1980 ‚q-uam
1326 1935 1330 1938 ·

144 1997 267 2037 quam
300 1997 349 2023 ex
374 1988 541 2023 senatus·
547 1985 736 2029 consulto,
769 1992 914 2031 tamen,
947 1983 1099 2033 injussu
1130 1983 1284 2035 populi,

143 2047 278 2078 contra
305 2039 424 2091 leges,
455 2039 495 2077 in
526 2039 625 2078 cives
655 2038 998 2077 animadvertisset.
1030 2036 1080 2076 ld
1105 2050 1194 2076 cum
1221 2037 1286 2090 agi

144 2093 291 2132 videret
321 2093 471 2141 Cicero,
492 2093 661 2132 mutavit
682 2101 840 2140 vestem,
868 2100 906 2132 et
924 2105 1015 2131 cum
1036 2105 1095 2139 eo,
1117 2091 1252 2130 velut
1242 2105 1283 2130 m

144 2147 345 2188 communi
369 2148 600 2198 calamitate,
621 2147 671 2186 ad
696 2147 901 2187 hominum
923 2147 1007 2186 XX
1036 2146 1172 2185 millia.
1204 2147 1284 2185 Ve-
