1513 2382
321 79 401 120 AD
428 79 712 121 ATTICUM.
740 82 841 120 LIB.
870 80 950 120 111.
979 84 1017 121 4.
1145 84 1223 122 215

349 190 436 234 (2.)
464 188 674 228 CICERO
701 188 923 229 ATTICO
951 191 991 229 S.

176 295 327 335 Itineris
345 296 463 334 nostri
485 309 598 334 causa
621 295 709 343 fuit,
740 295 843 348 quod
870 308 948 334 non
966 297 1153 335 habebam
1173 299 1231 337 lo.

121 360 224 397 cum,
244 350 312 387 ubi
330 362 398 401 pro
417 362 502 387 meo
516 351 602 399 jure
621 349 763 388 diutius
783 363 860 388 esse
878 363 1041 401 possem,
1058 364 1175 401 quam
1189 353 1229 389 in

121 401 287 440 fundum
305 404 424 449 Sicae;
454 403 663 454 praesertim
690 403 862 441 nondum
881 404 1073 454 rogatione
1091 417 1233 443 correc-

124 455 185 493 ta:
208 463 245 494 et
256 456 371 494 simul
383 457 655 507 intelligebam,
667 464 703 494 te
715 469 762 494 ex
777 469 820 494 eo
830 457 927 505 loco,
944 457 974 494 si
987 464 1023 495 te
1034 457 1229 506 haberem,

122 521 230 560 posse
248 522 310 547 me
328 510 580 548 Brundisium
598 510 759 555 referre3
780 509 860 547 sine
871 517 908 548 te
919 518 1047 548 autem
1060 523 1136 548 non
1153 524 1231 550 esse

122 563 231 601 nobis
242 563 327 601 illas
340 571 464 615 partes
478 564 657 601 tenendas
668 569 820 614 propter
831 563 1080 601 Autronium.
1098 564 1139 601 N
1141 577 1230 613 unc,

125 617 189 668 (ut
207 616 255 654 ad
273 624 310 655 te
328 626 438 656 antea
455 617 602 668 scripsi)
623 617 655 655 si
679 617 728 654 ad
756 630 824 655 nos
843 617 1001 665 veneris,
1032 617 1233 656 consiJium

121 670 236 708 totius
265 671 319 708 rei
348 671 551 722 capiemus.
590 672 668 709 Iter
696 683 775 708 esse
803 671 1007 708 molestum
1037 671 1112 709 scio
1129 685 1139 708 ε
1171 672 1236 711 sed

122 731 202 762 tota
220 724 412 762 calamitas
430 737 562 762 omnes
579 724 771 763 molestias
789 724 914 762 habet.
946 724 1065 762 Plura
1075 725 1235 764 scribere

123 789 200 815 non
232 790 411 829 possum:
441 778 494 816 ita
525 790 613 816 sum
644 777 773 815 animo
804 778 976 828 perculso
1007 785 1043 816 et
1076 779 1234 827 abjecto.

125 830 230 869 Cura
246 838 291 870 ut
311 832 444 870 valeas.
473 832 565 870 Dat.
586 832 649 870 VI
666 831 726 869 ld.
746 831 846 882 Apr.
866 831 906 869 in
924 831 998 869 oris
1018 832 1114 870 Luc.

352 986 443 1040 (3.)
475 985 687 1026 CICERO
716 985 937 1025 ATTICO
966 987 1006 1026 S·

177 1095 338 1134 Utinam
357 1095 468 1132 illum
487 1094 589 1132 diem
608 1094 772 1141 videam,
804 1106 893 1131 cum
917 1093 987 1131 tibi
1005 1107 1117 1144 agam
1147 1107 1235 1145 gra-

124 1148 208 1197 tias,
229 1148 332 1200 quod
350 1161 412 1186 me
431 1148 553 1186 vivere
572 1147 750 1198 coegisti.
742 1147 750 1171 ¹
781 1146 926 1184 Adhuc
947 1147 1104 1198 quidem
1124 1148 1234 1186 valde

123 1214 186 1240 me
212 1202 379 1253 poenitet.
420 1201 496 1240 Sed
513 1207 550 1239 te
568 1214 647 1249 oro,
674 1208 717 1238 ut
735 1200 784 1238 ad
805 1213 868 1238 me
887 1200 1080 1238 Vibonem
1109 1201 1236 1239 statim

122 1255 265 1303 venias,
286 1269 362 1307 quo
377 1268 445 1306 ego
462 1254 595 1292 multis
609 1255 656 1293 de
674 1253 793 1292 causis
812 1253 978 1292 converti
1002 1254 1074 1292 iter
1090 1267 1234 1293 meum.

126 1309 216 1356 Sed,
229 1322 274 1347 eo
292 1309 324 1347 si
335 1308 496 1357 veneris,
514 1307 561 1346 de
579 1315 658 1346 toto
680 1307 813 1345 itinere
836 1320 879 1346 ac
901 1306 994 1358 fuga
1011 1321 1099 1346 mea
1117 1308 1239 1346 consi-

125 1363 223 1401 lium
242 1376 373 1414 capere
390 1370 532 1413 potero.
573 1362 616 1400 Si
632 1361 673 1399 id
690 1374 767 1399 non
786 1360 929 1410 feceris,
949 1361 1138 1401 mirabor:
1169 1362 1235 1400 sed

127 1416 274 1456 confido
293 1424 330 1455 te
348 1429 425 1456 esse
442 1416 646 1454 facturum.

357 1574 444 1627 (4.)
475 1573 689 1613 CICERO
716 1572 937 1612 ATTICO
966 1573 1006 1612 S.

181 1683 350 1723 Miseriae
368 1689 504 1721 nostrae
522 1681 661 1732 potius,
681 1680 811 1728 velim,
827 1692 944 1731 quam
964 1679 1236 1726 inconstantiae‚

127 1740 286 1785 tribuas,
308 1736 411 1787 quod
429 1749 452 1773 a
470 1735 635 1783 Vibone,
656 1747 732 1785 quo
750 1741 787 1771 te
805 1734 1096 1778 arcessebamus,
1114 1732 1241 1770 subito

127 1791 376 1831 discessimus.
406 1789 540 1827 Allata
564 1795 618 1826 est
644 1788 745 1826 enim
779 1786 886 1824 nobis
911 1786 1055 1836 rogatio
1079 1786 1125 1823 de
1154 1798 1240 1836 per-

128 1846 224 1884 nicie
242 1857 357 1889 mea·
383 1843 424 1881 in
443 1856 534 1894 qua,
548 1841 651 1893 quod
663 1847 869 1879 correctum
889 1852 967 1877 esse
954 1817 1237 1886 oaudieramus,

129 1907 209 1939 erat
228 1897 427 1948 ejusmodi,
443 1903 487 1934 ut
499 1895 594 1933 mihi
607 1895 708 1932 ultra
725 1893 1002 1945 quadringenta
1012 1892 1133 1931 millia
1150 1892 1240 1930 lice-

127 1960 189 1991 ret
207 1965 297 1990 esse.
337 1951 412 1989 Ino
431 1963 518 1988 cum
537 1949 731 2000 pervenire
749 1959 826 1985 non
853 1946 994 1993 liceret,
1024 1946 1152 1984 statim
1169 1945 1241 1983 iter

131 2005 382 2046 Brundisium
400 2016 528 2042 versus
546 2001 689 2041 contuli
707 2008 794 2038 ante
812 2000 912 2038 diem
932 1999 1163 2050 rogationis;
1192 2011 1241 2038 ne

132 2067 170 2099 et
188 2060 287 2106 Sica,
307 2057 412 2110 apud
430 2069 546 2109 quem
564 2067 682 2102 eram,
703 2054 867 2106 periret;
896 2060 933 2091 et
962 2053 1067 2104 quod
1091 2051 1243 2091 Melitae

132 2126 211 2152 esse
224 2125 302 2151 non
317 2112 467 2150 licebat.

188 2167 304 2205 Nunc
324 2173 365 2204 tu
383 2176 558 2217 propera,
577 2169 622 2200 ut
640 2174 709 2202 nos
734 2173 975 2212 consequare,
1002 2159 1036 2198 si
1056 2159 1171 2199 modo
1189 2171 1250 2197 re-
