1513 2382
343 121 426 162 AD
454 123 736 163 ATTICUM.
764 124 864 162 Lm.
893 124 951 163 ΙΙ.
984 126 1048 162 2-1.
1177 128 1257 166 209

145 240 242 270 tasse
253 229 463 270 desiderat.
453 245 463 255 ·
485 231 700 281 conjunctio
715 244 803 270 vero
816 239 1032 269 nostrorum
1046 231 1263 272 animorum

145 284 327 322 brevitate
350 291 525 322 contenta
544 292 612 323 est.
642 285 850 335 Permagni
868 285 996 323 nostra
1020 285 1188 333 interest,
1209 293 1262 335 te,

146 338 179 376 si
196 336 358 376 comitiis
376 349 453 375 non
471 338 653 389 potueris,
679 346 732 385 at,
761 338 950 391 declarato
968 339 1050 387 illo,
1081 352 1161 378 esse
1180 340 1262 379 Ro

146 404 232 430 mae.
261 390 366 429 Cura
383 402 428 429 ut
446 392 582 430 valeas.

362 552 481 604 (24.)
511 554 725 594 CICERO
753 554 975 594 ATTICO
1004 556 1045 593 s,

197 660 306 709 Quas
324 661 528 700 Numestio
545 661 672 701 literas
690 662 791 709 dedi,
805 661 858 700 sic
871 670 909 700 te
926 661 972 700 iis
985 663 1203 708 evocabam,
1220 670 1264 701 ut

148 714 246 753 nihil
274 715 398 754 acrius
424 710 769 766 neque‘incitatius
796 715 878 754 fieri
903 723 1040 766 posset.
1068 716 1137 753 Ad
1154 716 1263 754 illam

149 775 313 805 κελευσιν
331 769 428 807 adde
446 770 575 816 etiam,
597 769 628 807 si
647 769 741 820 quid
759 776 878 820 potos⁸
906 774 969 807 Ac
980 781 1029 807 ne
1047 769 1097 807 sis
1114 777 1263 820 pertur-

146 824 284 866 batus;
312 823 402 860 novi
421 822 524 860 enim
542 830 594 869 te,
614 830 651 860 et
670 835 746 860 non
771 823 919 873 ignoro,
945 835 1064 873 quam
1089 823 1139 860 sit
1157 836 1264 861 amor

146 876 271 913 omnis
290 876 470 914 sollicitus
488 884 603 926 atque
621 875 782 914 anxius.
773 891 783 899 ·
814 875 878 914 sed
897 889 955 914 res
974 883 1043 924 est,
1070 883 1115 914 ut
1139 889 1262 927 spero,

147 941 223 967 non
242 937 323 967 tam
342 930 446 968 exitu
466 930 637 977 molesta,
659 942 777 980 quam
791 929 938 967 auditu.

202 983 242 1021 V
244 983 356 1021 ettius
375 984 452 1030 ille,
472 984 537 1021 ille
554 991 680 1021 noster
699 983 829 1031 index,
848 982 990 1022 Caesari
1010 987 1071 1026 (111
1083 996 1169 1034 pers
1170 983 1266 1034 pici-

147 1044 252 1084 111115)
271 1037 462 1097 pollicitus
481 1045 551 1083 est,
579 1050 656 1075 sese
684 1044 921 1084 curaturum,
952 1044 996 1074 ut
1024 1036 1065 1074 in
1092 1037 1263 1088 aliquam

148 1091 400 1152 suspicionem
417 1091 594 1129 facinoris
614 1090 733 1129 Curio
761 1090 862 1127 filius
881 1090 1141 1128 adduceretur.
1182 1091 1264 1128 Ita-

146 1157 222 1195 que
239 1145 454 1182 insinuatus
472 1144 512 1182 in
530 1144 829 1182 familiaritatem
843 1143 1102 1191 adolescentis,
1124 1151 1161 1181 et
1175 1156 1264 1182 cum

147 1211 191 1236 eo
210 1201 271 1241 (ut
289 1211 346 1236 res
365 1198 522 1245 indicat)
552 1211 649 1250 saepe
674 1210 907 1248 congressus⁷
934 1210 1016 1234 rem
1037 1197 1078 1234 in
1097 1209 1187 1234 eum
1205 1198 1264 1236 10-

145 1264 235 1289 cum
254 1251 428 1299 deduxit,
448 1260 493 1290 ut
511 1251 662 1299 diceret,
691 1252 763 1290 sibi
780 1258 926 1289 certum
945 1263 1036 1298 esse,
1068 1263 1158 1289 cum
1186 1251 1265 1289 suis

146 1305 262 1343 servis
279 1305 320 1343 in
348 1305 579 1357 Pompeium
597 1305 787 1357 impetum
815 1305 951 1353 facere,
978 1317 1144 1355 eumque
1169 1305 1266 1343 occi-

147 1359 246 1397 dere.
277 1359 366 1398 Hoc
395 1360 513 1398 Curio
545 1359 595 1398 ad
621 1368 770 1411 patrem
799 1358 950 1407 detulit,
977 1358 1042 1397 ille
1068 1358 1118 1396 ad
1146 1358 1265 1397 Pom-

147 1426 292 1464 perum.

204 1468 282 1505 Res
293 1466 419 1505 delata
429 1466 479 1505 ad
489 1474 664 1506 senatum
679 1475 746 1506 est.
762 1466 1008 1506 Introductus
1019 1466 1172 1505 Vettius
1184 1466 1264 1517 pri-

149 1533 215 1559 mo
225 1523 402 1572 negabat,
415 1535 455 1559 se
469 1534 643 1573 unquam
651 1535 740 1561 cum
750 1521 916 1560 Curione
926 1521 1123 1566 restitisse3
1140 1532 1265 1570 neque

150 1574 191 1612 id
209 1587 299 1613 sane
316 1575 384 1613 diu
400 1589 411 1613 ε
441 1587 533 1614 113111
551 1576 680 1614 51311111
698 1576 814 1614 fidem
832 1575 1028 1626 publicam
1045 1573 1265 1625 postulavit.

149 1628 272 1667 Haud
289 1629 539 1667 reclamatum
557 1637 624 1668 est.
654 1629 762 1668 Tum
777 1629 964 1680 exposuit,
978 1640 1139 1665 manum
1153 1626 1270 1665 fuisse

147 1683 372 1731 juventutis,
393 1683 488 1722 duce
508 1682 687 1731 Curione,
707 1684 748 1722 in
767 1683 845 1736 qua
871 1682 1016 1721 Paulus
1044 1681 1153 1719 initio
1170 1680 1266 1719 fuis-

150 1744 220 1784 set,
241 1745 279 1776 et
297 1736 349 1784 Q.
369 1736 500 1788 Caepio
517 1737 579 1776 hic
605 1739 768 1786 Brutus,
800 1745 837 1776 et
865 1736 1069 1784 Lentulus,
1100 1734 1266 1773 flaminis

149 1790 266 1839 filius,
285 1791 431 1830 conscio
449 1798 581 1842 patre:
611 1799 741 1843 postea
759 1792 804 1831 C
832 1790 1076 1842 Septimium,
1104 1789 1266 1827 scribam

151 1844 300 1892 Bibuli,
319 1845 527 1897 pugionem
546 1846 617 1884 sibi
644 1860 668 1885 a
690 1846 836 1885 Bibulo
862 1844 1056 1883 attulisse.
1087 1842 1192 1895 quod
1209 1849 1267 1881 to-

154 1906 238 1936 tum
255 1899 410 1937 irrisum
437 1906 506 1947 est,
527 1900 658 1939 Vettio
685 1899 893 1961 pugionem
923 1897 1100 1945 defuisse,
1130 1896 1205 1935 nisi
1231 1896 1265 1935 ei

154 1953 287 1991 consul
304 1953 487 1992 dedisset:
520 1967 639 2006 eoque
657 1955 778 2005 magis
802 1953 843 1991 id
861 1953 1023 2002 ejectum
1048 1958 1118 1999 est,
1145 1950 1264 2003 quod,

155 2019 189 2044 a.
203 2006 243 2044 d.
263 2007 334 2045 ΙΙΙ
354 2006 413 2045 Id.
428 2008 571 2055 Maias,
591 2009 759 2046 Bibulus
782 2006 1014 2058 Pompeium
1031 2005 1170 2044 fecerat
1187 2017 1266 2043 cer-

155 2059 304 2108 tiorem,
325 2069 369 2099 ut
386 2070 531 2101 caveret
550 2062 728 2101 insidias:
759 2061 799 2099 in
818 2074 894 2113 quo
907 2060 941 2098 ei
955 2059 1163 2111 Pompeius
1181 2072 1268 2111 gra-

156 2113 226 2152 tias
245 2122 382 2166 egerat.

210 2168 455 2209 Introductus
476 2169 594 2209 Curio
613 2170 715 2208 filius
733 2169 831 2208 dixit
848 2169 897 2208 ad
922 2182 980 2215 ea,
1009 2181 1096 2220 quae
1114 2166 1268 2207 Vettius

155 2219 325 2262 dixerat:
355 2224 600 2276 maximeque
618 2224 658 2263 in
678 2237 721 2263 eo
741 2231 824 2262 tum
853 2223 1009 2275 quidem
1030 2221 1185 2261 Vettius
1213 2226 1269 2259 est

921 2287 948 2315 'r
974 2277 999 2314 3
