1513 2382
162 82 243 119 320
379 78 462 118 AD
480 78 769 119 ATTICUM.
796 80 898 118 1113.
921 80 999 119 VI.
1032 79 1073 117 6.

172 188 297 226 οέολον
315 185 570 234 ὃιαλυσασθαι,
598 202 744 226 παντων
769 187 1028 236 οῷειληθεντων
1042 199 1106 224 του
1129 183 1290 236 ὃευτερου

176 255 284 290 μηνος
314 255 357 296 τῃ
390 255 565 289 νουμηνιᾳ.
604 246 668 278 Τον
705 241 740 279 δε
778 240 1013 292 απελευθερον
1045 252 1166 287 αυτου,
1205 253 1294 277 οντα

176 298 356 344 ὁμωνυμον
375 309 428 341 τῳ
451 300 602 337 Koiranos
623 309 753 345 πατρι,
778 294 885 345 μηδεν
907 297 1120 346 ὁλοσχερως
1141 299 1297 343 πεφρον-

178 363 326 386 τικεναι.
356 354 480 384 Ταυτα
509 363 578 395 ουν,
606 362 748 397 πρωτον
772 365 852 399 μεν,
880 350 932 385 ἵνα
961 362 1082 386 παντα
1105 343 1295 397 σωζηται·

180 402 339 452 δευτερον
355 401 403 446 δε,
423 404 476 438 ἱνα
490 401 577 450 μηὸε
600 417 670 438 των
685 416 799 439 τοκων
812 407 1037 456 ολιγωρησῃς
1054 415 1126 438 των
1146 413 1216 436 απο
1230 414 1299 443 της

179 468 456 503 προεκκειμενης
474 455 624 506 ἡμερας.
663 454 784 499 Ὀσας
806 469 909 492 αυτον
925 468 1138 502 ηνεγκαμεν,
1156 451 1298 503 σφοὸρα

181 507 343 545 δεδοικα·
387 524 446 545 και
472 523 541 558 γαρ
576 522 690 558 παρην
723 524 813 558 προς
841 508 940 556 ἡμας
960 507 1301 554 κατασκεψομειος,

185 577 245 599 και
270 577 306 598 τι
330 561 454 614 σχεδον
480 568 658 604 ελπισας·
691 576 862 609 απογνους
889 560 940 606 δε,
965 568 1106 608 αλογως
1135 573 1301 605 απεστη,

184 630 354 658 επειπων,
374 627 474 651 εικω·
496 629 644 667 αισχρον
664 630 719 652 τοι
733 614 831 667 ὃηρον
851 630 893 653 τε
912 628 1026 663 μενειν
1039 627 1050 638 ·
1074 625 1216 663 meque
1232 613 1302 651 ob-

179 668 350 719 jurgavit
368 675 491 707 vetere
514 668 727 720 proverbio,
754 685 804 706 τα
831 684 896 718 μεν
924 666 1098 714 διδομενα.
1133 666 1303 718 Reliqua

184 721 284 769 vide,
306 730 358 771 et,
379 731 569 773 quantum
588 722 670 761 fieri
687 729 826 774 potest,
846 721 1135 774 perspiciamus.

239 776 325 814 Etsi
344 789 518 815 annuum
536 784 691 828 tempus
715 790 836 829 prope
853 777 938 826 jam
965 776 1169 815 emeritum
1187 774 1306 814 habe-

184 831 322 868 bamus
340 830 439 882 (diae
459 831 562 870 enim
587 831 787 870 XXXIII
807 838 914 869 erant
930 829 1104 882 reliqui),
1124 828 1307 868 sollicitu-

184 883 273 922 dine
291 884 495 935 provinciae
513 893 641 923 tamen
660 886 721 923 vel
738 885 910 923 maxime
927 886 1172 936 urgebamur.
1202 882 1307 922 Cum

185 939 289 976 enim
314 939 460 978 arderet
485 940 596 991 Syria
612 940 738 985 bello3
770 947 808 978 et
825 938 1008 986 Bibulus,
1028 938 1069 976 in
1087 945 1195 977 tanto
1211 949 1308 976 moe·

185 1005 269 1030 rore
288 1006 371 1040 suo,
390 993 604 1032 maximam
624 1006 755 1032 curam
779 993 872 1032 beni
897 992 1122 1040 sustineret3
1152 991 1203 1030 ad
1223 1003 1307 1029 me-

186 1059 262 1097 que
275 1047 393 1097 legati
407 1049 504 1097 ejus,
521 1056 557 1086 et
571 1056 750 1100 quaestor,
764 1054 801 1086 et
815 1047 942 1095 amici,
954 1046 1083 1086 literas
1096 1046 1306 1093 mitterent,

186 1108 230 1138 ut
250 1101 418 1139 subsidio
437 1102 605 1140 venirem
621 1116 633 1147 3
658 1103 727 1140 etsi
747 1101 955 1140 exercitum
972 1100 1172 1139 infirmum
1190 1099 1308 1137 habe-

189 1155 279 1192 bam
299 1157 313 1200 <
319 1155 464 1194 auxilia
488 1168 578 1194 sane
602 1157 716 1203 bona,
744 1156 808 1194 sed
829 1169 873 1194 ea
892 1156 1136 1202 Galatarum,
1158 1152 1309 1191 Pisida-

188 1221 290 1254 rum,
309 1209 543 1260 Lyciorum3
572 1210 655 1248 haec
680 1210 782 1248 enim
801 1216 893 1248 sunt
917 1216 1047 1247 nostra
1063 1209 1230 1255 robora),
1252 1213 1309 1244 ta-

188 1274 279 1300 men
308 1276 387 1300 esse
416 1263 583 1301 officium
608 1277 741 1301 meum
766 1263 913 1314 putavi,
936 1261 1146 1301 exercitum
1168 1261 1309 1299 habere

189 1328 308 1367 quam
326 1318 501 1367 proxime
519 1318 681 1364 hostem,
703 1317 830 1369 quoad
859 1316 958 1355 mihi
977 1329 1137 1369 praeesse
1154 1314 1310 1367 provin-

186 1369 254 1407 ciae
273 1383 340 1421 per
363 1372 751 1410 senatus-consultum
765 1371 905 1410 liceret.

242 1424 318 1462 Sed
341 1425 436 1476 (quo
455 1438 525 1476 ego
542 1425 713 1464 maxime
732 1425 962 1471 delectabar)
983 1423 1153 1463 Bibulus
1170 1420 1311 1461 moles-

190 1484 251 1515 tus
269 1478 367 1516 mihi
392 1491 469 1517 non
498 1489 605 1524 erat;
635 1479 682 1518 de
709 1479 888 1518 omnibus
909 1480 1023 1517 rebus
1048 1477 1235 1516 scribebat
1260 1475 1311 1515 ad

190 1544 253 1569 me
278 1533 430 1583 potius:
462 1539 499 1571 et
527 1533 624 1571 mihi
651 1533 875 1572 decessionis
902 1532 982 1575 ὀίω
1010 1529 1218 1574 λεληθοτως
1241 1531 1312 1569 Ob-

190 1593 338 1637 reptat;
369 1587 438 1639 qui
467 1600 557 1625 cum
589 1587 797 1635 advenerit,
832 1596 922 1624 αλλο
948 1585 1162 1638 πρῦὲλημα,
1191 1597 1311 1636 quem

190 1640 423 1690 praeficiam3
453 1641 527 1679 nisi
547 1641 690 1681 Caldus
710 1650 875 1694 quaestor
893 1639 1066 1686 venerit3
1087 1637 1135 1676 de
1154 1651 1232 1690 quo
1242 1638 1312 1677 ad-

190 1694 267 1732 huc
286 1695 384 1733 nihil
402 1695 493 1734 certi
511 1695 759 1735 habebamus.

246 1748 462 1800 Cupiebam
496 1749 748 1801 (mehercule)
783 1749 995 1800 longiorem
1026 1746 1227 1799 epistolam
1255 1745 1315 1785 fa-

192 1815 300 1840 cere:
331 1803 396 1842 sed
418 1816 488 1843 nec
516 1813 596 1843 erat
619 1818 694 1854 res,
719 1805 766 1843 de
795 1804 873 1855 qua
902 1802 1129 1847 scriberem3
1159 1801 1317 1851 necjo-

192 1857 269 1894 cari
286 1870 365 1908 prae
385 1857 475 1896 cura
495 1866 679 1910 poteram.
708 1857 866 1898 Valebis
883 1856 1016 1908 igitur,
1040 1863 1077 1894 et
1095 1855 1237 1907 puellae
1253 1867 1314 1894 sa-

191 1910 314 1965 lutem
333 1911 518 1951 Atticulae
536 1912 651 1961 dices,
666 1920 882 1964 nostraeque
901 1910 1025 1950 Piliae.

427 2035 512 2084 (6.)
544 2033 758 2074 CICERO
786 2032 1005 2073 ATTICO
1033 2034 1075 2072 s,

241 2141 343 2193 Ego,
363 2142 459 2181 dum
481 2143 521 2181 in
548 2143 746 2195 provincia
775 2143 955 2182 omnibus
986 2143 1100 2181 rebus
1132 2140 1307 2194 Appium

185 2208 293 2244 orno,
315 2197 441 2236 subito
471 2210 558 2236 sum
591 2198 714 2237 factus
745 2196 970 2238 accusatoris
996 2197 1081 2246 ejus
1098 2209 1213 2236 socer.
1258 2194 1307 2234 Id
