1513 2382
333 53 415 91 AD
443 52 730 91 ATTICUM.
765 52 864 90 Lu«.
888 51 960 90 IV.
998 53 1057 91 16.
1169 54 1243 92 261

138 160 231 206 fore,
264 159 296 198 si
325 159 521 199 hominem
550 160 590 198 id
619 159 739 198 aetatis
763 160 802 196 in
834 168 913 197 tam
938 160 1052 210 longo
1081 172 1251 200 sermone

135 213 279 251 diutius
300 213 527 252 retinuisset.
570 213 702 251 Multo
724 226 794 263 ego
823 213 940 251 satius
969 213 1040 251 hoc
1065 214 1162 252 mihi
1191 228 1253 253 ca-

138 266 304 304 vendum
322 267 455 318 putavi
476 267 516 304 in
535 267 729 312 Scaevolam
760 265 828 317 qui
853 274 890 304 et
916 274 1025 304 aetate
1050 275 1087 305 et
1105 268 1251 306 valetu-

135 319 225 357 dine
242 329 322 358 erat
349 321 407 367 ea,
428 321 507 372 qua
532 333 610 359 esse
633 320 867 365 meministi3
898 328 935 358 et
956 320 1002 358 iis
1024 320 1249 369 honoribus,

135 382 180 411 ut
198 373 262 411 vix
281 373 371 411 satis
389 374 569 412 decorum
588 373 789 422 videretur,
810 386 900 411 eum
918 373 1046 424 plures
1065 374 1144 412 dies
1172 387 1251 414 esse

133 427 174 464 in
203 426 330 465 Crassi
347 427 580 466 Tusculano.
610 428 664 465 Et
691 435 769 465 erat
793 427 907 478 primi
924 427 1013 465 libri
1031 440 1154 466 senno
1172 440 1250 466 non

133 480 281 518 alienus
312 481 490 520 Scaevolae
526 481 686 519 studiis:
724 480 862 531 reliqui
896 481 985 519 libri
1016 488 1249 531 τεχνολογιαυ

133 533 289 581 habent,
310 542 354 572 ut
380 535 461 573 scis.
501 535 607 574 Huic
627 535 875 584 joculatorem
899 547 1027 573 senem
1051 534 1164 572 illum
1186 536 1249 587 (ut

132 589 262 635 notas)
281 588 461 627 interesse
479 601 570 627 sane
584 589 703 627 nolui.

183 640 247 679 De
265 655 304 679 re
329 641 418 679 filiae
437 642 540 693 quod
565 642 708 689 scribis,
733 643 804 681 erit
832 641 930 680 mihi
948 654 1074 680 curae:
1105 642 1249 680 etenim

133 702 190 732 est
220 695 416 733 luculenta
447 709 520 740 res..
556 696 760 734 Aureliani
796 700 858 739 (ut
889 695 1038 744 scribis)
1071 695 1248 734 indiciis:

133 756 170 786 et
187 748 228 786 in
251 761 295 786 eo
313 761 376 786 me
395 749 510 787 etiam
529 749 672 788 Tuuiae
690 763 786 788 meae
799 749 1014 787 venditabo.

186 801 361 840 Vestorio
390 815 467 841 non
496 803 657 841 desum:
696 811 849 854 gratum
883 803 987 841 enim
1012 802 1083 840 tibi
1107 802 1147 840 id
1170 816 1250 842 esse

129 855 170 893 in
241 856 324 894 ‘troz
356 863 407 903 et‚
428 864 472 894 ut
489 856 554 894 ille
572 857 774 907 intelligat,
795 869 898 895 curo.
938 855 1014 895 Sed
1039 857 1125 904 scis,
1145 857 1214 908 qui
1227 859 1246 895 :³

129 922 220 947 cum
237 909 375 948 habeat
395 908 512 962 [duo]
533 910 674 958 faciles,
695 910 792 948 nihil
811 909 1012 948 difficilius.

184 963 227 1001 N
231 975 303 1001 unc
321 963 371 1001 ad
389 976 432 1001 ea
457 977 544 1015 quae
563 965 701 1015 quaeris
720 964 767 1002 de
786 964 831 1002 C.
853 964 1011 1001 Catone.
1046 963 1151 1015 Lege
1170 964 1248 1002 Ju-

129 1017 195 1055 nia
213 1026 250 1054 et
268 1017 420 1055 Licinia
438 1018 508 1056 scis
525 1018 743 1055 absolutum
759 1032 769 1054 :
800 1017 914 1055 Fufia
933 1030 1003 1067 ego
1021 1017 1092 1055 tibi
1109 1018 1247 1056 nuntio

129 1070 349 1109 absolutum
371 1070 442 1108 iri2
474 1083 597 1122 neque
619 1071 787 1122 patronis
811 1071 890 1109 suis
917 1077 996 1107 tam
1025 1071 1247 1119 libentibus,

129 1136 247 1175 quam
279 1124 568 1162 accusatoribus.
610 1125 650 1163 Is
681 1133 823 1171 tamen,
856 1133 893 1162 et
914 1136 1067 1162 mecum
1091 1133 1129 1163 et
1158 1138 1248 1163 cum

127 1177 293 1224 Milone,
313 1177 353 1215 in
371 1178 534 1229 gratiam
552 1178 674 1216 rediit.

179 1231 332 1269 Drusus
350 1244 437 1269 reus
462 1239 518 1270 est
536 1232 659 1270 factus
685 1246 708 1270 a
730 1232 925 1279 Lucretio,
947 1231 1141 1281 judicibus
1160 1233 1250 1282 reji-

126 1283 268 1323 ciendis
294 1298 329 1323 a.
346 1285 383 1323 d.
413 1286 452 1324 V
482 1286 588 1324 Non.
619 1286 756 1334 Quint.
797 1286 860 1324 De
890 1286 1055 1324 Procilio
1078 1299 1250 1325 rumores

124 1350 200 1376 non
220 1339 336 1377 boni:
367 1339 432 1377 sed
445 1339 590 1389 judicia
607 1340 719 1378 nesti.
749 1340 892 1377 Hirrus
911 1352 1000 1377 cum
1020 1339 1194 1379 Domitio
1207 1341 1248 1378 in

124 1392 248 1442 gratia
267 1402 334 1432 aet.
362 1394 772 1441 Senatus-consultum,
793 1393 897 1445 quod
915 1393 980 1432 hic
1005 1394 1177 1432 consules
1201 1394 1249 1432 de

125 1446 326 1496 provinciis
359 1447 543 1496 fecerunt,
583 1449 611 1470 “
645 1447 894 1498 Quicumque
930 1447 1129 1498 posthac,''
1170 1460 1249 1486 non

124 1499 222 1538 mihi
242 1500 264 1521 ⁴*
286 1500 308 1521 ¹
338 1507 382 1539 ut
411 1501 479 1552 qui
504 1502 586 1550 jam
610 1501 919 1552 intelligebamus
945 1501 1246 1539 enuntiationem

124 1552 233 1591 illam
251 1553 435 1592 Memmii
453 1554 563 1592 valde
582 1555 722 1593 Caesari
740 1554 947 1605 displicere.
977 1555 1146 1592 Messala
1160 1567 1249 1593 nos-

124 1614 195 1654 ter,
216 1614 253 1645 et
272 1609 354 1656 ejus
373 1608 596 1659 competitor
615 1608 825 1655 Domitius,
854 1608 1021 1646 liberalis
1039 1608 1079 1645 in
1098 1607 1242 1659 populo

125 1660 235 1698 valde
252 1661 339 1699 fuit.
377 1661 491 1700 Nihil
507 1662 664 1713 gratius.
703 1662 808 1700 Certi
830 1669 936 1699 erant
963 1662 1146 1700 consules.
1187 1664 1248 1700 At

123 1721 277 1753 senatus
309 1715 486 1763 decrevit,
515 1722 557 1753 ut
581 1716 740 1754 tacitum
760 1714 951 1765 judicium
979 1726 1067 1753 ante
1090 1715 1245 1754 comitia

123 1766 240 1806 fieret.
268 1770 337 1806 Ab
356 1769 401 1806 iis
420 1769 596 1818 consiliis,
624 1783 712 1821 quae
731 1776 838 1807 erant
856 1768 1035 1807 omnibus
1054 1769 1185 1807 sortita
1202 1769 1244 1806 in

123 1821 293 1872 singulos
321 1822 553 1870 candidatos,
593 1836 755 1873 magnus
793 1822 907 1859 timor
943 1822 1245 1861 candidatorum.

122 1875 199 1913 Sed
232 1876 391 1927 quidam
420 1876 580 1926 judices,
613 1878 654 1915 in
684 1877 743 1914 his
774 1875 957 1927 Opimius
983 1876 1117 1914 Veien.
1150 1875 1246 1914 Tro.

121 1929 281 1976 Antius,
312 1930 485 1968 tribunos
509 1931 630 1982 plebis
662 1929 919 1981 appellarunt,
940 1942 988 1967 ne
1007 1929 1155 1980 injussu
1173 1943 1243 1981 po-

121 1983 205 2032 puli
226 1983 451 2032 judicarent.
481 1985 561 2022 Res
587 1984 698 2022 cedit.
737 1982 906 2022 Comitia
932 1982 1051 2021 dilata
1068 1996 1115 2022 ex
1135 1996 1245 2022 sena-

120 2037 385 2082 tus-consulto,
405 2037 501 2076 dum
520 2038 583 2076 lex
603 2038 650 2075 de
669 2037 781 2076 tacito
797 2036 940 2086 judicio
959 2037 1131 2076 ferretur.

173 2090 292 2128 Venit
321 2091 397 2142 legi
422 2091 527 2129 dies:
559 2090 764 2129 Terentius
788 2090 1007 2129 intercessit.
1039 2089 1240 2140 Consules,

119 2143 186 2194 qui
204 2143 302 2183 illud
320 2144 395 2183 levi
414 2145 567 2184 brachio
583 2144 759 2196 egissent,
775 2156 855 2182 rem
876 2144 924 2183 ad
943 2152 1117 2183 senatum
1132 2146 1241 2186 detu-
