1513 2382
324 101 406 140 AD
436 100 734 140 DIVERSOS.
764 99 864 139 Lm.
894 99 1021 139 XIII.
1051 101 1116 139 68.
1225 102 1276 139 55

164 209 360 249 hementer
378 208 428 246 ad
452 221 549 247 meae
577 209 665 247 w'tae
686 207 871 246 rationem
902 213 939 246 et
968 206 1280 246 consuetudinem

165 262 506 302 accommodatum.
542 261 674 309 Quem
692 262 847 312 quidem
866 261 991 299 multo
1011 262 1125 300 etiam
1144 260 1279 312 pluris,

165 324 296 369 postea
313 329 431 367 quam
450 316 602 363 decessi,
627 316 748 354 facere
766 314 874 366 coepi,
895 315 997 366 quod
1016 315 1149 352 multis
1168 316 1280 352 rebus

167 376 345 422 expertus
369 383 455 407 sum
474 377 628 420 gratum
646 369 856 415 hominem,
877 368 1030 419 meique
1056 381 1278 406 memorem.

168 423 306 475 Itaque
324 436 412 462 eum
422 424 559 461 Romae
575 422 824 460 libentissime
836 422 924 460 vidi.
947 423 1039 459 Non
1053 430 1090 459 te
1105 422 1206 460 enim
1219 422 1282 459 fu-

165 477 237 530 git,
268 477 335 528 qui
370 476 546 527 plurimis
571 477 612 513 in
636 476 710 514 ista
734 475 928 528 provincia
951 476 1115 527 benigne
1145 474 1280 523 fecisti,

166 544 286 584 quam
303 531 418 568 multi
435 530 533 581 grati
551 530 797 581 reperiantur.

222 585 319 623 Haec
336 592 536 635 propterea
553 583 697 634 scripsi,
717 591 761 621 ut
780 590 816 621 et
833 596 896 622 me
914 595 990 621 non
1003 582 1082 620 sine
1100 581 1211 620 cause
1222 582 1280 620 la·

165 640 298 678 borare
324 637 565 688 intelligeres,
586 645 623 675 et
641 645 684 674 tu
711 637 793 689 ipse
818 650 906 675 eum
934 636 1096 687 dignum
1118 635 1282 687 hospitio

165 700 233 731 tuo
249 691 448 741 judicares.
487 691 632 729 Feceris
651 691 768 742 igitur
785 691 882 728 mihi
900 690 1174 741 gratissimum,
1195 690 1227 727 si
1247 690 1282 727 ei

169 745 384 793 declararis,
405 745 538 796 quanti
552 757 615 782 me
632 744 770 782 facias:
800 744 840 781 id
852 752 920 793 est,
941 744 973 781 si
992 743 1172 795 receperis
1191 756 1281 781 eum

168 800 209 838 in
227 799 343 837 fidem
371 806 493 845 tuam,
513 805 563 846 et,
593 798 899 849 quibuscumque
926 799 1038 835 rebus
1065 797 1220 835 honeste
1239 809 1283 834 ac

170 853 252 892 sine
268 852 441 890 molestia
471 852 538 889 tu&
566 851 719 902 poteris,
742 850 942 900 adjuveris.
984 851 1071 889 Hoc
1098 850 1194 888 mihi
1213 851 1284 888 erit

168 907 410 946 vehementer
428 913 605 956 gratum:
635 905 751 956 idque
768 913 814 943 ut
830 904 960 953 facias,
979 911 1016 943 te
1034 904 1147 942 etiam
1168 910 1283 955 atque

171 961 286 1000 etiam
300 972 404 1011 rogo.
433 959 544 998 Vale.

170 1123 280 1174 (63.)
334 1122 394 1162 Μ.
416 1121 463 1160 Τ.
487 1121 534 1161 c.
581 1121 628 1160 Ρ.
669 1118 939 1160 SERVILIO
986 1115 1278 1169 1sAUR100‚

387 1175 549 1215 PROC.
582 1175 883 1223 coLLEGAE‚
916 1173 955 1212 s,
971 1173 1027 1211 D.

223 1286 606 1337 (Argumentum.—-
620 1283 792 1322 Laetatur
809 1283 911 1321 felici
928 1280 1177 1332 navigationis
1195 1293 1281 1319 cur-

169 1353 240 1381 su:
270 1348 314 1378 ut
332 1339 379 1378 de
397 1338 599 1391 provinciae
624 1345 725 1376 statu
744 1338 895 1385 scribat,
921 1335 1040 1387 petit:
1071 1335 1193 1374 officia
1211 1347 1280 1372 sua

168 1394 386 1448 promittit.)

224 1503 354 1542 Gratae
383 1500 480 1540 mihi
507 1499 750 1539 vehementer
770 1506 848 1538 tuae
873 1497 992 1536 literae
1019 1496 1203 1542 fuerunt3
1234 1508 1282 1534 ex

168 1557 308 1609 quibus
327 1555 485 1606 cognovi
503 1567 634 1592 cursus
652 1553 939 1604 navigationum
958 1558 1125 1589 tuarum.
1156 1549 1283 1600 Signi-

167 1611 305 1650 ficabas
325 1609 427 1648 enim
452 1608 677 1646 memoriam
701 1614 809 1645 tuam
828 1613 965 1644 nostrae
983 1603 1282 1649 necessitudinis,

167 1664 247 1716 qua
265 1663 361 1702 mihi
385 1662 482 1700 nihil
509 1668 656 1714 poterat
687 1673 765 1700 esse
791 1658 1011 1709 jucundius.
1051 1656 1171 1705 Quod
1195 1656 1284 1694 reli-

169 1730 293 1770 quum
319 1724 388 1764 est,
407 1716 531 1754 multo
561 1715 676 1753 etiam
694 1714 764 1753 erit
785 1713 943 1765 gratius,
970 1712 1001 1750 si
1028 1710 1077 1748 ad
1095 1723 1158 1748 me
1177 1709 1224 1748 de
1241 1722 1283 1749 re

167 1770 336 1823 publica,
355 1770 396 1808 id
411 1777 480 1817 est,
499 1769 546 1807 de
565 1776 665 1807 statu
687 1767 903 1820 provinciae,
923 1765 970 1803 de
988 1763 1172 1803 institutis
1190 1762 1282 1812 tuis,

167 1824 403 1863 familiariter
421 1823 570 1862 scribes.
600 1822 701 1870 Quae
719 1832 957 1873 quamquam
975 1831 1023 1857 ex
1041 1817 1174 1855 multis
1194 1818 1283 1868 (pro

167 1879 237 1918 tua
260 1878 445 1925 claritate)
470 1876 640 1925 audiam,
661 1883 789 1913 tamen
808 1872 1056 1912 libentissime
1073 1884 1123 1909 ex
1140 1871 1217 1909 tuis
1235 1870 1284 1908 li-

167 1932 257 1971 teris
275 1943 510 1983 cognoscam.
542 1930 630 1981 Ego
652 1929 702 1967 ad
730 1935 782 1976 te,
811 1927 859 1965 de
887 1925 1104 1978 reipublicae
1123 1923 1279 1962 summa

168 1985 264 2038 quid
282 1985 457 2033 sentiam,
476 1996 554 2023 non
573 1996 672 2034 saepe
690 1982 866 2029 scribam,
886 1986 1039 2032 propter
1066 1978 1282 2030 periculum

168 2039 358 2090 ejusmodi
393 2039 602 2078 literarum.
636 2035 746 2085 Quid
778 2041 913 2086 agatur
941 2040 1085 2081 autem,
1122 2031 1284 2071 scribam

167 2105 220 2132 sae
246 2106 320 2132 lus.

219 2107 381 2199 I§petar-e
399 2154 527 2186 tamen
541 2145 685 2192 videor,
699 2142 856 2191 Caesari,
876 2141 1030 2193 collegae
1048 2146 1191 2187 nostro,
1203 2138 1284 2176 fore

170 2213 284 2252 curae,
304 2207 341 2241 et
359 2213 451 2249 esse,
470 2211 515 2240 ut
539 2199 750 2240 habeamus
777 2196 948 2250 aliquam
975 2192 1282 2247 rempublicam3
