1513 2382
346 92 430 130 AD
459 92 757 132 DIVERSOS.
787 91 887 129 Lm.
908 91 1027 130 XVI.
1059 93 1096 128 5.
1211 89 1285 133 117

166 200 222 237 mi
235 199 361 249 officii,
382 214 620 253 summaeque
638 199 904 246 humanitatis,
925 199 1049 237 multa
1067 198 1223 249 scripsi;
1244 198 1284 235 in

170 253 229 292 his
254 254 383 303 etiam,
404 264 461 304 ut,
482 256 515 293 si
532 255 603 293 tibi
627 255 831 302 videretur,
858 262 895 292 te
913 253 962 291 ad
991 266 1031 291 se
1057 253 1287 290 transferret.

171 307 276 358 Lyso
303 308 406 346 enim
436 317 576 357 noster,
600 321 743 357 vereor,
762 320 812 346 ne
829 307 1080 358 negligentior
1106 307 1178 350 sit3
1209 306 1288 357 pri-

169 373 295 410 mum,
316 363 408 414 quia
426 375 559 401 omnes
585 363 735 408 Graeci;
766 362 915 409 deinde,
937 361 1054 412 quod,
1076 373 1162 398 cum
1183 374 1206 397 a
1224 373 1288 397 nie

167 415 295 453 literas
323 417 538 469 accepisset,
558 417 655 454 mihi
683 417 809 454 nullas
837 416 994 454 remisit.
1031 415 1108 454 Sed
1136 427 1224 452 eum
1245 422 1287 451 tu

168 468 327 508 laudas:
359 478 400 508 tu
420 471 550 522 igitur,
571 470 666 522 quid
686 470 902 508 faciendum
917 470 979 517 sit,
997 469 1198 519 judicabis.
1233 468 1289 505 Il-

167 522 251 570 lud,
271 525 327 561 mi
346 525 455 572 Tiro,
477 532 514 563 te
533 537 638 575 rego,
663 530 793 562 sumtsi
820 536 868 562 ne
896 537 1028 575 parcas
1056 523 1138 561 ulla
1164 524 1204 560 in
1233 535 1287 567 re,

168 577 273 627 quod
300 578 349 616 ad
376 579 635 618 valetudinem
653 591 749 630 opus
768 579 829 616 sit.
871 578 1013 629 Scripsi
1031 577 1080 615 ad
1108 577 1287 623 Curium,

168 631 274 681 quod
303 632 476 680 dixisses,
506 634 624 671 daret.
671 633 828 671 Medico
861 631 974 684 [ipsi]
1012 640 1108 683 puto
1144 630 1291 682 aliquid

168 684 343 724 dandum
362 700 454 735 esse,
475 700 552 738 quo
571 687 619 724 sit
638 686 850 725 studiosior.

221 740 525 779 Innumerabilia
550 749 617 779 tua
645 748 734 779 sunt
756 741 798 777 in
816 753 880 778 me
905 739 1041 787 officia,
1066 738 1288 785 domestica,

168 791 346 843 forensia,
366 797 526 843 urbana,
548 795 793 846 provincialia
809 809 829 840 3.
852 794 892 831 in
912 807 953 831 re
970 792 1132 845 privata,
1151 794 1191 830 in
1217 806 1292 844 pu-

166 847 282 896 blica,
302 848 343 886 in
363 849 511 895 studiis,
531 849 571 886 in
591 849 708 886 literis
726 849 874 886 nostris.
912 847 1059 886 Omnia
1077 848 1222 893 xiceris,
1244 846 1290 895 si,

167 910 212 940 ut
231 915 354 953 spero,
374 911 412 941 te
430 903 602 941 validum
621 903 762 940 videro.
790 903 878 953 Ego
896 910 991 953 puto
1011 910 1047 939 te
1065 901 1288 948 bellissime,

167 956 201 994 si
228 964 326 995 recte
358 957 441 1005 erit,
469 970 559 995 cum
589 965 775 1008 quaestore
804 956 993 994 Mescinio
1021 955 1285 994 decursurum.

168 1010 261 1048 Non
274 1010 510 1049 inhumanus
529 1019 606 1056 est;
624 1018 750 1062 teque,
771 1018 815 1048 ut
830 1010 929 1047 mihi
941 1010 1044 1047 visus
1064 1017 1133 1057 est,
1155 1009 1293 1060 dih‘git,

165 1063 234 1113 Et,
262 1078 352 1103 cum
384 1065 594 1103 valetudini
624 1072 701 1102 tuae
723 1064 1013 1115 diligentissime
1043 1063 1291 1110 consulueris,

165 1127 266 1167 tum,
285 1118 342 1156 mi
356 1119 466 1166 Tiro,
481 1119 666 1157 consulito
681 1118 927 1169 navigationi.
954 1117 1080 1155 Nulla
1099 1118 1139 1154 in
1154 1130 1194 1155 re
1206 1118 1290 1167 jam

161 1179 200 1210 te
224 1172 401 1211 festinare
420 1173 530 1211 volo:
561 1173 659 1210 nihil
677 1173 823 1219 laboro,
844 1171 917 1209 nisi
936 1179 981 1209 ut
999 1172 1127 1209 saiwis
1146 1171 1208 1209 sis.

220 1226 283 1265 Sic
294 1226 447 1274 habeto,
468 1227 524 1264 mi
542 1227 654 1274 Tiro,
673 1227 868 1264 neminem
887 1239 981 1274 esse,
1002 1225 1070 1277 qui
1089 1238 1152 1263 me
1172 1233 1289 1273 amet,

166 1281 261 1333 quin
276 1281 379 1319 idem
394 1289 431 1319 te
450 1289 553 1319 amet
569 1295 579 1318 ε
611 1288 662 1328 et,
683 1293 771 1318 cum
792 1281 860 1318 tua
880 1288 916 1318 et
934 1281 1022 1318 mea
1041 1280 1212 1317 maxime
1231 1279 1292 1316 in-

163 1342 280 1373 terest
298 1342 338 1373 te
353 1335 491 1383 valere,
512 1343 597 1373 tum
615 1335 750 1373 multis
776 1342 833 1372 est
860 1347 973 1372 curae.
1013 1333 1174 1381 Adhuc,
1195 1334 1291 1372 dum

163 1390 261 1428 mihi
279 1389 387 1427 nullo
405 1390 488 1427 loco
516 1389 643 1427 deesse
667 1389 739 1436 vis,
766 1401 969 1440 nunquam
998 1394 1038 1425 te
1065 1388 1290 1426 confirmare

163 1443 332 1496 potuisti.
362 1444 480 1481 Nunc
495 1450 531 1481 te
550 1443 647 1480 nihil
661 1442 847 1494 impedit:
869 1441 1000 1480 omnia
1018 1441 1186 1493 depone;
1207 1455 1288 1480 cor-

164 1498 249 1550 pori
261 1498 370 1536 servi.
387 1497 589 1545 Quantam
601 1497 840 1548 diligentiam
855 1496 896 1533 in
908 1496 1165 1534 valetudinem
1181 1504 1289 1533 tuam

165 1552 384 1599 contuleris,
411 1551 509 1590 tanti
527 1564 590 1589 me
612 1552 695 1589 fieri
720 1551 912 1600 judicabo.
954 1550 1069 1597 Vale,
1093 1550 1149 1587 mi
1177 1550 1297 1596 Tiro,

165 1607 264 1654 vale,
284 1606 382 1654 vale,
402 1612 438 1643 et
458 1606 570 1643 salve.
599 1605 726 1656 Lepta
744 1605 814 1642 tibi
832 1605 995 1642 salutem
1014 1604 1120 1653 dicit,
1142 1611 1179 1643 et
1204 1616 1289 1642 om-

165 1674 242 1701 nae.
273 1660 385 1699 Vale.
406 1659 491 1698 V11
512 1659 607 1698 Idus
627 1660 840 1699 Novembr.
855 1658 1047 1697 Leucade.

167 1821 258 1876 (5.)
314 1819 586 1867 TULLIUS,
646 1818 722 1857 ET
775 1815 1006 1863 CICERO,
1050 1813 1127 1853 ET
1158 1815 1211 1859 Q.
1238 1814 1292 1861 Q.

219 1875 427 1916 TIRONI
457 1873 778 1914 HUMANISS.
809 1872 884 1910 ET
913 1870 1032 1909 OPT.
1064 1870 1103 1909 S.
1121 1869 1168 1908 P.
1184 1870 1240 1908 D.

221 1986 549 2038 (Argumentum.
561 2004 616 2013 —
628 1983 786 2034 Rogant
813 1980 1014 2029 Tironem,
1038 1986 1084 2018 ut
1102 1977 1291 2018 valetudi-

164 2052 257 2079 nem
270 2038 409 2090 curet.)

221 2148 338 2197 Vide,
358 2155 505 2201 quanta.
522 2147 571 2185 sit
589 2146 629 2184 in
649 2154 687 2185 te
711 2144 890 2184 suam'tas.
919 2142 1030 2182 Duas
1048 2142 1160 2180 horas
1178 2139 1291 2191 'rhy-

167 2202 220 2243 rei
245 2202 405 2242 fuimus.
446 2202 691 2241 Xenomenes
705 2199 842 2250 hospae
856 2205 937 2236 tam
957 2204 994 2236 te
1011 2195 1151 2246 diligit,
1173 2207 1292 2246 quam
