1513 2382
334 114 415 154 AD
444 114 742 156 DIVERSOS.
772 115 873 155 Lm.
901 114 1029 154 XIII.
1057 115 1124 154 56.
1235 117 1286 160 47

174 221 367 273 positurus
385 223 436 262 sis
459 223 631 262 studium
652 231 766 263 tuum
786 230 901 276 atque
918 223 1101 273 officium,
1122 223 1297 263 dubitare

175 284 214 315 te
231 288 309 315 non
327 277 515 316 existimo.
545 278 656 317 Vale.

236 437 347 486 (56.)
376 437 437 476 M.
451 437 500 476 T.
517 436 563 477 C.
592 437 861 487 THERMO,
891 436 1093 478 PROPR.
1125 438 1165 477 S.
1187 437 1243 475 D.

234 545 558 649 (izgssmentum.
571 571 626 579 -
637 546 807 598 Negotia
825 545 955 586 Cluvii
974 546 1178 585 Puteolani
1195 557 1299 585 com-

181 610 271 637 men
322 607 350 638 t.

236 706 412 755 Cluvius,
434 707 685 754 Puteolanus,
697 708 807 746 valde
826 720 888 746 me
907 710 1094 755 observat,
1114 707 1302 759 valdeque

180 767 236 798 ost
253 760 351 798 mihi
369 760 580 800 familiaris.
610 762 650 800 Is
668 762 722 800 ita
741 762 812 800 sibi
826 762 1040 814 persuadet,
1055 762 1159 813 quod
1176 761 1217 799 in
1235 761 1305 798 1113

181 814 376 866 provincia
405 815 547 866 negotii
575 815 726 862 habeat,
758 815 845 863 nisi,
877 823 914 854 te
939 816 1174 867 provinciam
1206 814 1305 853 obti-

183 875 311 913 nente,
335 868 430 906 meis
460 869 853 907 commendationibus
883 869 1098 917 confecerit,
1129 869 1170 907 id
1195 881 1233 907 se
1262 868 1303 905 in

183 921 340 973 perditis
359 929 396 960 et
414 922 621 974 desperatis
647 922 884 961 habiturum.
925 924 1057 970 Nunc,
1089 936 1178 961 cum
1207 921 1307 960 mihi

185 977 234 1014 ab
254 975 377 1014 amico
395 976 667 1014 officiosissimo
687 984 838 1014 tantum
854 977 976 1015 oneris
994 976 1219 1028 imponitur,
1236 988 1307 1027 ego

186 1041 341 1081 quoque
354 1029 425 1068 tibi
438 1030 636 1081 imponam
648 1043 718 1081 pro
736 1029 812 1067 tuis
831 1030 871 1067 in
890 1043 954 1068 me
973 1030 1135 1068 summis
1147 1029 1304 1075 officiis3

185 1083 241 1121 ita
259 1090 403 1131 tamen,
426 1091 471 1121 ut
497 1083 568 1122 tibi
593 1083 714 1121 nolim
741 1084 924 1122 molestus
954 1097 1044 1122 esse.
1089 1083 1251 1135 Mylasii
1270 1093 1308 1122 et

184 1136 476 1176 Alabandenses
487 1137 691 1189 pecuniam
707 1136 845 1175 Cluvio
860 1137 1010 1176 debent.
1032 1137 1195 1175 Dixerat
1205 1137 1304 1175 1111111

186 1190 474 1242 Euthydemus,
495 1204 585 1229 cum
603 1191 750 1242 Ephesi
778 1203 912 1238 essem,
936 1204 975 1229 se
1004 1198 1243 1238 curaturum,
1263 1199 1309 1229 ut

186 1244 304 1284 ecdici
323 1245 485 1296 Mylasii
504 1245 673 1283 Romam
692 1245 945 1284 mitterentur.
990 1245 1040 1283 Id
1066 1245 1213 1283 factum
1231 1256 1310 1282 non

187 1305 255 1338 aet.
285 1299 451 1350 Legatos
469 1299 583 1337 audio
600 1299 736 1337 missos
755 1312 833 1337 esse
850 1313 860 1337 ι
891 1298 958 1337 5811
975 1299 1078 1337 111310
1093 1298 1252 1348 ecdicos,
1266 1306 1312 1337 ut

187 1353 336 1404 aliquid
356 1353 491 1392 confici
508 1353 638 1404 possit.
679 1352 812 1400 Quare
829 1360 918 1404 peto
937 1366 961 1391 a
987 1360 1039 1401 te,
1060 1361 1105 1391 ut
1123 1360 1161 1391 et
1179 1365 1242 1391 eos
1263 1360 1300 1391 et

187 1406 478 1446 Alabandenses
493 1408 628 1456 jubeas
647 1407 791 1445 ecdicos
810 1407 981 1445 Romam
1001 1406 1163 1445 mittere.

244 1461 434 1499 Praeterea
461 1460 632 1500 Philotes
658 1460 940 1499 Alabandensis
967 1459 1126 1504 ὑποθηκσ
1106 1476 1147 1503 ας
1173 1459 1313 1498 Cluvio

189 1514 319 1553 dedit.
348 1514 410 1552 hae
428 1514 639 1553 commissae
658 1522 758 1553 sunt.
799 1515 946 1562 Velim,
967 1523 1152 1562 811185,111
1179 1520 1247 1552 3111
1264 1513 1312 1552 de

189 1568 414 1620 hypothecis
427 1568 598 1630 decedat,
614 1581 752 1620 easque
762 1567 1068 1620 procuratoribus
1087 1567 1218 1606 Cluvii
1234 1575 1314 1605 tra-

192 1623 274 1671 dat,
299 1629 366 1660 aut
392 1622 596 1684 pecuniam
623 1623 756 1661 solvat.
798 1623 987 1660 Praeterea
1012 1621 1249 1659 Heracleotae
1274 1628 1313 1659 81

193 1676 426 1727 Bargyletae‚
447 1677 516 1728 qui
532 1676 626 1715 item
651 1676 804 1725 debent,
834 1684 902 1714 aut
926 1675 1130 1727 pecuniam
1148 1675 1311 1723 solvant,

193 1737 261 1768 aut
277 1730 466 1768 fructibus
493 1730 570 1769 suis
589 1730 831 1769 satisfaciant.
875 1729 1015 1769 Caunii
1042 1735 1223 1779 praeterea
1248 1727 1315 1766 de-

192 1785 309 1822 bent:
339 1784 406 1822 sed
423 1783 532 1822 3111111
551 1797 590 1822 58
601 1784 812 1836 depositam
830 1783 1032 1835 pecuniam
1046 1781 1234 1820 habuisse.
1264 1781 1315 1820 Id

193 1838 311 1877 velim
343 1849 569 1889 cognosoes·
558 1866 569 1876 .
600 1844 650 1885 et,
682 1837 715 1876 si
743 1837 987 1884 intellexeris,
1021 1848 1084 1874 eos
1112 1847 1237 1887 neque
1265 1848 1315 1874 ex

195 1891 331 1939 edicto,
365 1903 490 1943 neque
522 1905 570 1930 ex
595 1892 758 1940 decreto,
790 1890 1000 1942 depositam
1026 1889 1218 1938 habuisse,
1248 1889 1315 1928 des

195 1958 366 1997 operam,
385 1953 432 1984 ut
457 1958 583 1984 usurae
602 1945 754 1992 Cluvio,
779 1944 955 1983 instituto
978 1950 1060 1992 tuo,
1094 1955 1316 1982 conserven-

200 2007 277 2038 tur.

254 2052 330 2092 His
347 2052 395 2091 de
412 2054 526 2092 rebus
541 2066 584 2092 eo
597 2053 721 2104 magis
738 2052 884 2099 laboro,
905 2051 1010 2104 quod
1027 2050 1154 2102 agitur
1164 2063 1223 2089 res
1241 2049 1317 2088 Cn.

198 2107 376 2159 Pompeii
400 2107 530 2155 etiam,
559 2108 678 2146 nostri
706 2105 928 2152 necessarii3
958 2113 995 2144 et
1022 2104 1155 2157 quod
1143 2117 1176 2142 15
1193 2104 1317 2154 magis

198 2161 315 2202 etiam
349 2161 448 2201 mihi
474 2161 647 2202 laborare
676 2161 840 2211 videtur,
867 2173 986 2213 quam
1012 2159 1097 2213 ipse
1127 2157 1314 2199 cluvius:
