1513 2382
283 61 366 101 AD
393 60 674 101 ATTICUM.
703 61 805 100 Lm.
828 61 952 100 VIII.
987 63 1046 100 12.
1128 63 1209 102 389

96 181 172 220 que
198 181 246 208 ex
269 169 448 208 omnibus
467 169 616 221 oppidis
641 169 860 208 contrahere
878 169 1004 220 copias
1023 168 1176 220 expedit
1192 183 1206 214 ς

98 234 147 261 ne
165 229 360 274 receptum
378 223 566 261 amittam.
595 224 735 275 Itaque
753 235 830 262 non
849 223 1016 274 amplius
1028 223 1134 262 XIV
1146 236 1208 262 co-

98 275 224 314 hortes
236 276 440 315 Luceriam
454 277 571 328 coegi.

152 332 182 352 “
204 329 391 369 Consules
408 331 584 382 praesidia
601 331 730 370 omnia
747 330 947 370 deducturi
966 338 1069 379 sunt,
1085 338 1152 369 aut
1169 331 1211 369 in

97 383 268 422 Siciliam
293 384 397 422 ituri.
439 385 481 423 N
483 398 546 423 am
572 393 639 424 aut
665 385 873 424 exercitum
898 384 1055 423 firmum
1073 385 1213 423 habere

95 444 257 488 oportet,
279 450 357 490 quo
375 438 610 478 confidamus
634 452 878 491 perrumpere
904 451 973 476 nos
990 452 1114 490 posse,
1145 446 1212 477 aut

96 490 266 542 regiones
300 492 488 540 ejusmodi
515 493 698 541 obtinere,
720 507 740 531 e
759 493 899 545 quibus
924 505 1209 543 repugnemus:

95 543 134 583 id
154 545 258 596 quod
276 553 456 584 neutrum
475 547 585 585 nobis
599 547 670 586 hoc
690 554 858 598 tempore
876 547 1086 596 contingit;
1108 545 1212 597 quod

95 607 134 636 et
160 611 342 649 magnam
367 607 514 650 partem
544 601 666 639 Italiae
686 600 812 639 Caesar
840 600 1050 651 occupavit,
1081 608 1118 638 et
1143 612 1213 638 nos

97 664 176 689 non
202 651 388 691 habemus
414 653 622 692 exercitum
655 662 735 692 tam
761 654 949 705 amplum,
976 666 1100 704 neque
1132 661 1214 691 tam

95 718 298 756 magnum,
318 719 437 757 quarn
455 707 532 745 ille.
560 707 700 759 Itaque
717 708 826 745 nobis
844 707 1123 758 providendum
1142 714 1213 754 est,

99 766 144 797 ut
162 772 356 798 summam
370 760 423 798 rei
441 761 606 812 publicae
624 761 810 800 rationem
828 761 1049 799 habeamus.

155 815 183 835 “
203 813 336 852 Etiam
353 822 469 865 atque
489 814 603 852 etiam
622 821 660 853 te
677 815 822 864 hortor,
843 822 886 852 ut
905 828 995 853 cum
1020 814 1127 853 omni
1151 826 1213 852 co-

99 865 166 919 pia
184 867 474 919 quamprimum
499 868 549 905 ad
580 881 644 907 me
676 869 817 907 venias.
861 869 1073 907 Possumus
1099 867 1214 906 etiam

99 932 203 959 nunc
213 921 490 973 rempublicam
509 922 664 973 erigere,
685 922 717 961 si
735 923 930 960 communi
951 922 1105 960 consilio
1123 934 1216 973 neg-

99 974 222 1013 otium
237 975 611 1014 administrabimus:
633 976 691 1014 sin
704 977 972 1023 distrahemur‚
987 975 1130 1014 infirmi
1143 975 1216 1013 eri-

99 1040 200 1066 mus.
225 1028 331 1066 Mihi
343 1029 415 1067 hoc
426 1030 676 1068 constitutum
688 1039 754 1069 est.

154 1084 183 1104 ‘⁶
203 1082 279 1121 His
295 1082 413 1121 literis
440 1083 601 1135 scriptis,
621 1084 708 1123 Sica
725 1098 749 1123 a
767 1092 803 1123 te
821 1085 919 1123 mihi
937 1084 1065 1122 literas
1083 1083 1213 1122 attulit

99 1144 136 1174 et
153 1136 346 1175 mandata.
375 1136 494 1186 Quod
511 1150 574 1176 me
592 1139 756 1185 hortare,
777 1148 821 1176 ut
838 1139 935 1177 istuc
963 1138 1114 1176 veniam
1131 1151 1144 1184 ;
1173 1137 1215 1175 id

97 1202 162 1228 me
184 1189 306 1229 facere
322 1203 400 1229 non
417 1191 578 1230 arbitror
600 1205 736 1244 posse3
766 1193 870 1244 quod
887 1205 964 1232 non
983 1204 1215 1243 magnopere

98 1243 158 1282 his
175 1244 390 1296 legionibus
404 1245 592 1284 confido.”

98 1387 127 1407 “
150 1387 223 1425 Cn.
243 1387 439 1435 Magnam,
461 1388 620 1425 Procos.
642 1388 684 1425 S.
698 1389 754 1425 D.
775 1388 823 1424 L.
844 1388 1036 1434 Domitio,
1051 1388 1212 1424 Procos.

153 1516 181 1537 “
201 1514 342 1554 Literae
359 1515 457 1553 mihi
484 1528 507 1553 a
525 1522 562 1553 te
580 1515 736 1554 redditae
760 1522 851 1554 sunt
870 1529 904 1553 a.
925 1515 962 1552 d.
982 1513 1096 1552 XIII
1126 1514 1212 1554 Cal.

99 1568 220 1607 Mart.
246 1569 288 1606 in
320 1569 461 1621 quibus
484 1570 628 1617 scribis,
652 1570 842 1608 Caesarem
867 1569 971 1620 apud
998 1568 1214 1607 Corfinium

99 1630 221 1662 castra
246 1623 428 1674 posuisse.
472 1623 592 1671 Quod
613 1623 747 1675 putavi
775 1631 812 1661 et
836 1623 1064 1674 praemonui,
1085 1623 1142 1670 fit,
1170 1629 1214 1660 ut

98 1689 168 1716 nec
186 1677 227 1714 in
244 1677 445 1728 praesentia
474 1678 711 1716 committere
739 1685 866 1715 tecum
890 1677 1066 1729 proelium
1097 1675 1213 1722 velit;

99 1738 151 1779 et,
171 1731 349 1770 omnibus
367 1732 483 1783 copiis
508 1731 717 1779 conductis,
747 1738 784 1769 te
808 1731 992 1782 implicet,
1019 1743 1068 1769 ne
1087 1730 1135 1768 ad
1153 1743 1217 1769 me

97 1785 169 1823 iter
197 1785 419 1836 expeditum
444 1785 515 1824 tibi
534 1786 611 1831 sit3
640 1796 756 1837 atque
782 1784 872 1823 istas
902 1785 1028 1836 copias
1056 1786 1216 1834 conjun-

99 1852 187 1890 gere
209 1839 444 1890 optimorum
469 1839 610 1878 civium
639 1840 758 1891 possis
784 1852 873 1877 cum
899 1839 959 1877 his
986 1838 1215 1889 legionibus,

98 1893 146 1931 de
178 1905 343 1944 quarum
371 1893 566 1931 voluntate
595 1893 842 1931 dubitamus:
883 1906 960 1944 quo
988 1893 1103 1930 etiam
1132 1905 1215 1930 ma-

98 1946 157 1997 gis
176 1946 251 1984 tuis
269 1946 386 1984 literis
415 1959 501 1984 sum
529 1955 754 1985 commotus.
787 1947 928 1998 Neque
951 1947 1055 1985 enim
1080 1959 1213 1984 eorum

98 2000 283 2049 militum,
304 2013 399 2052 quos
413 2013 566 2039 mecum
580 2000 715 2049 habeo,
736 2000 924 2039 voluntati
944 2001 1033 2039 satis
1051 2000 1213 2046 confido,

99 2062 144 2092 ut
168 2053 215 2092 de
233 2055 413 2093 omnibus
432 2054 592 2094 fortunis
611 2055 830 2107 reipublicae
855 2055 1062 2100 dimicem;
1092 2066 1216 2106 neque

99 2107 228 2157 etiam,
248 2109 316 2160 qui
335 2122 382 2148 ex
397 2108 603 2149 delectibus
622 2109 821 2162 conscripti
836 2116 926 2148 sunt
939 2123 962 2147 a
981 2109 1213 2155 consulibus,

826 2165 851 2201 ‘2
874 2174 899 2201 L
922 2165 946 2200 :3
