1513 2382
185 56 262 96 164
372 40 466 95 ‘An
495 56 781 96 ATTlcUM.
814 44 914 96 Lm.
946 57 979 95 1.
1014 59 1076 103 17.

194 167 430 204 urbanorum
447 164 749 214 commodorum,
770 173 808 205 et
825 165 909 204 aliis
925 166 1179 217 temporibus,
1194 174 1234 206 et
1245 180 1310 209 me

195 220 279 271 ipso
311 220 476 268 consule,
507 219 804 271 praetermiseris.
844 219 950 258 Mihi
979 219 1083 258 enim
1115 229 1311 272 perspecta

197 280 253 312 est
281 273 495 325 ingenuitas
527 281 564 311 et
586 273 811 324 magnitudo
836 273 955 311 animi
979 273 1063 320 tui3
1092 286 1217 326 neque
1241 289 1312 328 ego

197 328 297 366 inter
315 341 379 366 me
399 335 513 379 atque
531 334 568 365 te
586 328 797 388 quidquam
811 327 989 366 interesse
1007 339 1181 379 unquam
1199 329 1310 379 duxi,

198 389 333 433 praeter
351 382 585 420 voluntatem
603 382 787 420 institutae
805 381 919 420 vitae·
907 410 920 427 ,
950 381 1054 433 quod
1071 394 1136 420 me
1154 383 1313 424 ambitio

199 435 377 486 quaedam
396 435 445 473 ad
468 435 658 473 honorum
683 435 866 482 studium,
890 442 928 473 te
950 442 1079 473 autem
1097 436 1173 474 alia
1196 437 1313 476 mini-

197 502 263 527 me
281 489 588 540 reprehendenda
606 489 701 527 ratio
720 489 769 526 ad
785 489 988 527 honestum
1006 489 1139 534 otium,
1161 489 1284 530 duxit.

254 542 360 581 Vera
378 543 535 593 quidem
557 543 671 581 laude
688 542 900 594 probitatis,
921 542 1140 593 diligentiae,
1159 544 1314 596 1611310-

200 595 275 643 1113,
308 609 433 647 neque
461 609 524 634 me
553 597 636 644 tibi,
666 609 791 648 neque
815 608 1065 647 quemquam,
1095 604 1310 649 antepono.

201 650 339 688 amoris
357 662 445 688 vero
464 662 552 701 erga
568 662 645 697 me,
662 663 750 689 cum
766 663 789 687 a
802 649 967 688 fraterno
982 648 1150 702 [amore]
1167 651 1317 691 domes.

201 704 352 755 ticoque
390 703 555 764 discessi,
599 703 671 742 tibi
709 703 854 765 primas
883 703 1021 742 defero.
1067 703 1163 742 Vidi
1197 705 1314 755 enim,

201 757 293 804 vidi,
313 757 542 808 penitusque
558 758 749 809 perspexi,
769 758 809 795 in
823 756 918 795 meis
937 757 1048 796 variis
1066 758 1315 810 temporibus,

203 818 241 849 et
259 810 529 849 sollicitudines
549 819 586 849 et
614 811 764 849 laetitias
794 818 891 849 tuas.
917 811 1010 850 Fuit
1035 811 1133 849 mihi
1161 824 1262 864 saepe
1279 821 1318 853 et

201 865 325 903 laudis
342 872 480 903 nostrae
498 865 700 916 gratulatio
718 872 786 903 tua
804 865 989 914 jucunda,
1010 872 1048 903 et
1064 865 1210 904 timoris
1228 879 1318 905 con-

202 918 335 957 solatio
353 926 472 969 grata.
502 919 611 967 Quin
635 918 732 957 mihi
755 931 872 967 nunc,
899 926 937 956 te
958 921 1126 968 absente,
1152 932 1229 958 non
1257 934 1319 959 so-

202 973 287 1012 lum
317 972 531 1022 consilium,
559 986 636 1025 quo
653 980 698 1010 tu
723 972 888 1020 excellis,
908 973 974 1011 sed
1001 973 1116 1011 etiam
1135 975 1318 1014 sermonis

203 1026 511 1074 communicatio,
532 1041 619 1079 quae
632 1026 729 1064 mihi
743 1026 966 1065 suavissima
979 1034 1106 1065 tecum
1118 1028 1211 1066 solet
1225 1041 1318 1077 esse,

204 1080 374 1118 maxime
392 1080 519 1125 deest,
550 1081 644 1132 quid
662 1081 800 1129 dicam,
829 1081 870 1117 in
901 1080 1055 1131 publica
1079 1094 1119 1119 re
1135 1083 1153 1120 Ρ
1181 1094 1259 1132 quo
1276 1082 1318 1120 in

204 1146 340 1184 genere
358 1134 455 1171 mihi
473 1135 682 1185 negligenti
706 1147 784 1172 6336
800 1146 877 1171 11011
894 1134 1010 1180 licet;
1041 1147 1091 1173 an
1109 1135 1149 1172 in
1179 1135 1319 1174 forensi

202 1187 361 1226 labore?
391 1201 507 1238 quem
522 1196 633 1226 antea
643 1196 795 1239 propter
809 1187 1056 1226 ambitionem
1071 1189 1320 1237 sustinebam,

204 1253 321 1288 nunc,
342 1248 386 1279 ut
405 1241 629 1287 dignitatem
648 1241 746 1279 tueri
761 1241 882 1292 gratia
898 1241 1042 1292 possim
1058 1255 1071 1288 ;
1101 1254 1150 1280 an
1168 1242 1209 1280 in
1227 1243 1322 1293 ipsis

204 1294 419 1333 domesticis
448 1295 636 1345 negotiis?
664 1295 705 1332 in
723 1295 863 1346 quibus
881 1308 950 1345 ego
969 1308 1058 1333 cum
1087 1303 1212 1344 antea,
1232 1304 1319 1337 tum

205 1361 294 1386 vero
312 1357 397 1399 post
415 1348 620 1387 discessum
649 1349 788 1396 fratris,
809 1355 847 1387 te
878 1361 1146 1401 sermonesque
1174 1359 1321 1391 nostros

204 1401 386 1440 desidero.
417 1402 616 1441 Postremo
647 1414 725 1440 non
753 1403 860 1441 labor
887 1415 1011 1451 meus,
1038 1415 1116 1441 non
1144 1405 1320 1456 requies;

207 1467 286 1494 non
304 1455 516 1506 negotium,
532 1469 609 1495 non
621 1457 771 1502 otium3
801 1469 878 1495 non
890 1456 1055 1495 forenses
1073 1470 1144 1505 res,
1157 1470 1235 1496 non
1254 1459 1323 1498 do-

207 1509 398 1570 mesticae,
418 1522 495 1548 non
525 1510 701 1562 publicae,
728 1522 805 1548 non
835 1510 1005 1571 privatae,
1026 1523 1150 1549 carere
1177 1512 1323 1554 diutius

207 1569 275 1601 tuo
294 1563 516 1602 suavissimo
531 1572 645 1616 atque
655 1564 915 1603 amantissimo
927 1564 1081 1604 consilio
1095 1578 1139 1604 ac
1150 1579 1325 1608 sermone

210 1624 382 1667 possunt.

262 1671 398 1722 Atque
418 1671 558 1710 harum
576 1685 705 1710 rerum
727 1673 1126 1712 commemorationem
1145 1687 1325 1714 verecun-

209 1723 273 1761 dia
291 1738 390 1776 saepe
406 1726 606 1777 impedivit
623 1726 823 1779 utriusque
844 1728 1027 1765 nostrum.
1057 1727 1099 1765 N
1101 1740 1176 1766 unc
1194 1737 1323 1769 autem

211 1790 255 1815 ea
272 1777 348 1816 fuit
366 1780 584 1828 necessaria,
605 1788 758 1831 propter
776 1793 860 1818 eam
878 1788 1026 1831 partem
1045 1781 1214 1832 epistolae
1231 1790 1323 1834 tuae,

210 1844 277 1881 per
297 1846 414 1883 quam
433 1841 470 1871 te
489 1847 532 1872 36
553 1847 676 1872 mores
694 1841 780 1872 tuos
802 1834 900 1871 mihi
918 1841 1099 1884 purgatos
1125 1849 1169 1874 ac
1185 1839 1325 1888 probae

211 1892 269 1922 tos
288 1898 365 1924 esse
384 1887 549 1925 voluisti.
580 1888 756 1939 Atque,
745 1901 786 1926 111
814 1888 888 1926 ista
905 1887 1215 1928 incommoditate
1233 1891 1326 1930 alie-

210 1939 291 1976 nati
315 1939 418 1978 illius
440 1940 559 1978 animi
582 1949 618 1979 et
647 1942 794 1989 offensi,
816 1940 915 1979 illud
937 1941 1035 1979 inest
1062 1949 1190 1980 tamen
1219 1956 1324 1983 com.

210 1992 330 2039 modi,
350 1994 455 2044 quod
479 2002 517 2033 et
534 1995 632 2033 mihi
650 2003 687 2034 et
709 1995 850 2034 caeteris
873 1994 1005 2033 amicis
1028 1995 1103 2034 tuis
1125 2004 1216 2035 nota
1232 1998 1322 2047 fuit,

212 2053 249 2083 et
267 2047 334 2084 abs
352 2054 390 2084 te
414 2048 620 2099 aliquando
638 2049 849 2097 testificata,
867 2056 936 2087 tua
952 2049 1127 2088 voluntas
1145 2051 1325 2091 omitten-

212 2099 274 2137 dae
290 2101 519 2150 provinciae;
548 2109 606 2150 ut,
631 2103 735 2155 quod
753 2103 832 2141 una
858 2115 935 2140 non
953 2102 1056 2151 estis,
1075 2115 1152 2142 non
1181 2104 1326 2144 dissen-

211 2153 316 2192 sione
334 2166 378 2192 ac
395 2153 549 2194 dissidio
567 2164 702 2206 vestro,
729 2157 794 2196 sed
811 2157 1005 2196 voluntate
1023 2170 1066 2196 ac
1080 2157 1225 2207 judicio
1242 2166 1323 2209 tuo,
