1513 2382
345 82 430 121 AD
458 82 744 123 ATTICUM.
774 83 874 122 Lm.
896 82 932 121 Ι.
964 83 1025 120 15.
1170 81 1246 117 155

133 191 261 240 nebat,
281 197 339 240 ut,
358 198 447 230 ante
465 204 584 245 quam
602 192 748 245 rogatio
764 191 844 229 lata
861 197 970 238 esset,
987 201 1035 228 ne
1050 187 1144 241 quid
1163 200 1251 238 age-

134 252 248 283 retur.

189 298 322 337 Habes
340 312 398 338 res
416 301 626 339 Romanas.
655 299 731 339 Sed
749 306 877 338 tamen
890 298 1004 336 etiam
1022 297 1134 345 illud,
1148 298 1252 350 quod

133 364 211 390 non
224 366 430 405 speraram,
444 354 546 393 audi.
576 354 745 393 Messala
763 353 895 392 consul
907 361 962 391 est
973 352 1161 403 egregius,
1178 351 1255 390 for-

133 406 196 453 tis,
213 416 401 455 constans,
419 408 594 470 diligens,
615 408 733 447 nostri
751 407 940 453 laudator,
954 414 1113 453 amator,
1126 405 1255 443 imita-

134 467 205 499 tor.
235 461 309 499 Ille
327 462 422 500 alter
442 475 520 500 uno
542 463 634 501 vitio
652 462 781 500 minus
800 461 985 505 vitiosus;
1017 460 1148 510 quod
1138 472 1252 504 mers,

133 515 238 566 quod
256 515 382 553 somni
400 517 552 567 plenus,
574 516 678 568 quod
701 516 915 567 imperitus,
943 514 1047 565 quod
1068 528 1255 563 απρακτο-

134 583 263 615 τατος,
283 569 349 607 sed
363 571 581 609 voluntate
571 579 625 608 ita
641 585 829 622 καχεκτης
834 576 896 615 ,ut
910 567 1155 619 Pompeium,
1169 575 1257 617 post

131 621 242 660 illam
257 624 477 662 concionem
491 638 568 676 qua
581 626 629 663 ab
641 637 685 662 eo
700 630 852 661 senatus
863 622 1041 660 laudatus
1053 629 1122 669 est,
1136 621 1258 659 odisse

135 677 300 727 coeperit.
322 676 460 729 Itaque
478 679 622 717 mirum
640 678 681 715 in
701 677 861 715 modum
881 688 1012 714 omnes
1031 689 1054 713 a
1072 688 1110 713 se
1135 677 1258 713 bonos

135 730 325 769 alienavit.
356 732 497 783 Neque
521 732 562 770 id
588 732 712 783 magis
735 730 903 769 amicitia
926 730 1052 768 Clodii
1071 729 1258 767 adductus

134 784 239 831 facit,
260 797 379 836 quam
394 786 519 824 studio
538 786 774 838 perditarum
791 797 920 822 rerum
940 791 1054 835 atque
1072 783 1254 834 partium.

137 838 213 877 Sed
231 839 347 877 habet
366 840 425 878 sui
452 840 617 878 similem
641 840 682 877 in
701 838 1001 890 magistratibus,
1023 845 1158 889 praeter
1178 838 1258 875 Fu„

135 893 246 941 fium,
266 893 474 932 neminem.
512 894 634 933 Bonis
659 894 807 932 utimur
825 892 988 931 tribunis
1005 892 1141 943 plebis,
1163 891 1258 930 Cor-

134 954 229 985 nuto
247 961 335 986 vero
352 947 642 999 pseudocatone.

189 1001 298 1049 Quid
317 1002 487 1053 quaeris?
524 1003 644 1041 Nunc
668 1010 713 1041 ut
735 1001 784 1040 ad
806 1000 954 1053 privata
977 1001 1146 1048 redeam,
1174 1005 1258 1036 Τευ-

138 1070 216 1104 κρις
233 1055 421 1106 promissa
438 1057 616 1107 patravit.
644 1056 711 1094 Tu
730 1055 913 1093 mandata
941 1054 1059 1100 effice,
1090 1067 1176 1105 quae
1199 1066 1257 1090 re-

134 1109 277 1160 cepisti.
307 1109 479 1157 Quintus
503 1110 633 1158 frater,
657 1110 726 1161 qui
744 1109 965 1160 Argiletani
998 1107 1147 1145 aedificii
1171 1107 1259 1145 reli-

133 1175 257 1214 quum
276 1162 501 1202 dodrantem
520 1164 612 1202 emit
633 1164 704 1203 HS
724 1163 978 1210 DCCXXV,
989 1162 1257 1200 Tusculanum

134 1217 317 1265 venditat,
348 1225 407 1265 ut,
442 1218 473 1256 si
504 1218 636 1270 possit,
670 1225 772 1256 emat
809 1217 1046 1256 Pacilianam
1084 1215 1258 1253 domum.

135 1270 238 1309 Cum
257 1271 452 1310 Lucceio
440 1285 481 1310 m
507 1273 671 1324 gratiam
689 1272 797 1311 redi.
828 1271 938 1310 video
955 1270 1153 1308 hominem
1179 1269 1260 1307 val-

133 1325 181 1363 de
199 1326 610 1377 115111111110.Ν3131)0
639 1339 809 1388 operam.
846 1326 913 1363 Tu
941 1324 1035 1376 quid
1057 1337 1162 1385 agas,
1189 1323 1257 1360 ubi

133 1379 199 1440 sis,
220 1380 436 1430 cujusmodi
454 1380 536 1419 istae
554 1394 612 1419 res
631 1381 720 1428 sint,
741 1380 801 1419 fac
818 1393 882 1418 me
907 1391 1026 1432 quam
1103 1377 1257 1416 ventis-

134 1433 230 1472 sime
247 1435 458 1474 certiorem.
486 1435 622 1473 Idibus
641 1435 754 1474 Febr.

354 1597 472 1650 (15.)
507 1596 719 1637 CICERO
748 1595 972 1636 ATTICO
1001 1596 1040 1635 5.

188 1705 329 1744 Asiam
343 1705 506 1755 Quinto,
523 1706 746 1746 suavissimo
763 1705 885 1753 fratri,
899 1704 1078 1755 obtigisse
1093 1702 1256 1741 audisti·

132 1773 211 1799 non
230 1760 333 1798 enim
352 1761 500 1808 dubito,
520 1761 615 1813 quin
634 1761 791 1799 celerius
804 1759 873 1798 tibi
888 1759 960 1797 hoc
978 1770 1123 1819 rumor,
1139 1769 1259 1808 quam

132 1815 252 1853 ullius
269 1817 441 1853 nostrum
459 1815 580 1854 literae
597 1814 821 1853 nuntiarint.
853 1814 985 1859 Nunc,
1009 1812 1192 1864 quoniam
1221 1818 1258 1849 et

134 1868 260 1907 laudis
279 1869 489 1908 avidissimi
508 1882 656 1921 semper
675 1869 836 1916 fuimus,
857 1875 908 1915 et,
934 1874 1072 1918 praeter
1091 1872 1258 1909 caeteros,

135 1930 354 1984 φιλελληνερ·
373 1931 410 1961 et
429 1936 562 1962 sumus
582 1932 619 1962 et
641 1924 843 1970 habemur,
873 1929 910 1960 et
931 1921 1145 1958 multorum
1172 1919 1260 1957 odia

134 1984 251 2030 atque
285 1976 516 2026 inimicitias,
558 1978 776 2029 reipublicae
813 1989 940 2023 causa,
987 1974 1257 2026 suscepimus·
1244 2001 1257 2018 ‚

135 2046 309 2075 παντοιης
329 2047 460 2082 αρε-της
476 2048 564 2080 μιμ,
568 2047 659 2075 ησκ-
646 2047 694 2077 eo,
714 2044 882 2082 curaque
901 2030 1018 2078 effice,
1038 2036 1083 2066 ut
1107 2029 1157 2066 ab
1175 2040 1260 2066 om-

136 2085 250 2124 nibus
264 2092 302 2123 et
318 2085 523 2124 laudemur
542 2093 580 2125 et
598 2098 786 2124 amemur.

190 2139 266 2177 His
284 2138 333 2177 de
356 2142 470 2179 rebus
492 2140 605 2192 plura
627 2140 676 2177 ad
694 2148 732 2179 te
759 2141 800 2178 in
829 2153 874 2178 ea
899 2138 1058 2190 epistola
1082 2137 1262 2182 scribam,

136 2206 255 2245 quam
283 2192 358 2245 ipsi
382 2194 534 2242 Quinto
564 2194 675 2232 dabo.
718 2195 783 2233 Tu
811 2206 888 2240 me,
909 2193 1039 2239 velim,
1063 2191 1261 2230 certiorem
