1513 2382
278 96 350 133 184
492 95 576 134 AD
601 95 885 135 ATTICUM.
914 94 1014 133 11113.
1034 95 1094 133 ΙΙ.
1120 94 1162 139 ,4.

268 203 435 250 jubebo:
475 210 513 241 et
542 203 797 255 Pomponiam
826 202 1007 241 Terentia
1041 208 1176 253 rogat=
1216 206 1392 258 matrem-

271 255 536 307 adjungemus.
563 264 798 306 Θεοφραστου
824 272 904 308 περι
926 262 1139 305 Φιλοτιμιας
1163 252 1256 293 affer
1282 251 1379 291 mihl

269 308 317 347 de
334 309 441 349 libn's
460 310 598 359 Quinti
616 310 753 349 fratris.

495 472 586 525 (4.)
625 472 837 512 CICERO
862 471 1083 510 ATTICO
1110 473 1151 511 S.

320 579 458 617 Fecisti
483 580 581 618 mihi
607 587 841 631 pergratum,
867 579 971 630 quod
993 576 1206 630 Serapionis
1231 576 1376 615 librum

267 632 315 670 ad
334 645 397 671 me
415 633 577 671 misisti:
607 646 655 671 ex
673 646 750 684 quo
769 632 923 684 quidem
945 645 1014 683 ego
1041 631 1164 683 (quod
1187 631 1285 669 inter
1307 642 1377 667 nos

265 685 376 724 liceat
394 686 532 733 dicere)
556 686 803 724 millesimam
828 694 976 737 partem
994 685 1060 723 vix
1082 684 1265 735 intelligo.
1299 684 1379 721 Pro

266 752 310 778 eo
337 739 407 777 tibi
433 748 658 791 praesentem
685 740 886 791 pecuniam
912 739 1007 777 solvi
1033 738 1230 790 imperavi,
1257 749 1307 775 ne
1332 744 1377 774 tu

265 805 476 843 expensum
487 793 709 831 muneribus
717 793 843 832 ferres.
853 794 926 841 At,
935 792 1117 844 quoniam
1128 802 1378 829 nummorum

265 846 409 885 mentio
427 847 526 885 facta
554 854 633 891 est;
664 848 800 885 amabo
824 854 875 894 te,
896 859 999 891 cura,
1029 854 1074 883 ut
1096 858 1186 884 cum
1212 844 1374 891 Titinio,

264 913 419 951 quoquo
437 900 552 938 modo
573 900 725 951 poteris,
752 900 947 951 transigas.
980 899 1022 937 Si
1042 899 1084 936 in
1108 911 1165 946 eo,
1185 898 1290 950 quod
1315 910 1376 936 os-

265 954 449 1001 tenderat,
479 967 556 992 non
587 961 688 999 stat3
718 954 815 992 mihi
845 954 1014 991 maxime
1041 953 1177 1004 placet,
1201 965 1258 1000 ea,
1288 964 1376 1003 quae

264 1008 366 1045 male
385 1016 487 1046 emta
506 1016 608 1053 sunt,
634 1008 755 1054 reddi,
782 1008 813 1046 si
831 1008 1025 1045 voluntate
1048 1005 1271 1057 Pomponiae
1293 1004 1377 1043 fieri

261 1061 423 1111 poterit:
455 1061 486 1099 si
504 1073 552 1098 ne
570 1061 611 1098 id
629 1061 799 1112 quidem,
823 1061 975 1099 nummi
1001 1060 1127 1111 potius
1151 1059 1372 1106 reddantur,

261 1127 381 1164 quam
405 1115 509 1152 ullus
545 1114 593 1152 sit
620 1115 830 1165 scrupulus.
873 1114 999 1153 Valde
1024 1114 1096 1151 hoc
1122 1113 1252 1159 velim,
1287 1120 1376 1150 ante

261 1180 380 1217 quam
405 1168 651 1219 proficiscare,
680 1176 850 1207 amanter
879 1169 941 1220 (ut
959 1165 1071 1216 soles)
1101 1166 1375 1218 diligenterque

260 1221 449 1260 conficias.

317 1274 474 1313 Clodius
492 1288 595 1326 ergo,
615 1283 659 1313 ut
670 1277 739 1324 ais,
753 1277 802 1314 ad
813 1275 1023 1327 Tigranem
1037 1277 1055 1313 ἓ
1075 1274 1204 1321 velim,
1221 1272 1373 1324 [Syspi-

258 1329 331 1378 rae]
362 1329 596 1368 conditione:
638 1330 703 1367 sed
729 1330 838 1367 facile
864 1329 1000 1380 patior.
1031 1327 1372 1366 Accommodatius

260 1381 362 1418 enim
382 1382 490 1420 nobis
509 1383 578 1420 erit
595 1382 644 1421 ad
668 1384 829 1421 liberam
845 1383 1072 1433 legationem
1090 1388 1242 1432 tempus
1259 1381 1370 1429 illud,

259 1447 349 1472 cum
362 1443 399 1473 et
418 1436 589 1484 Quintus
601 1444 726 1475 noster
733 1438 815 1486 jam
829 1440 889 1479 (ut
900 1434 1113 1486 speramus)
1134 1435 1175 1472 in
1188 1434 1265 1472 otio
1283 1446 1374 1472 con-

259 1487 409 1537 sederit,
423 1497 473 1536 et,
489 1489 559 1528 iste
578 1490 746 1528 sacerdos
763 1491 885 1528 Bonae
896 1489 1005 1537 Deae,
1025 1490 1134 1538 cujus
1144 1488 1251 1526 modi
1264 1487 1372 1526 futu-

258 1554 325 1579 rus
343 1543 403 1589 sit,
420 1544 592 1581 sciemus.
623 1544 773 1581 Interea
787 1543 942 1594 quidem
962 1556 1051 1581 cum
1070 1542 1199 1580 Musis
1217 1554 1286 1580 nos
1304 1541 1371 1580 de-

257 1595 481 1635 lectabimus
505 1597 633 1635 animo
656 1610 778 1648 aequo,
798 1598 918 1634 immo
937 1609 1025 1634 vero
1048 1596 1162 1634 etiam
1189 1595 1371 1646 gaudenti

257 1661 301 1686 ac
325 1649 470 1688 libenti.
507 1651 647 1702 Neque
667 1651 764 1688 mihi
789 1663 962 1701 unquam
988 1649 1111 1688 veniet
1134 1649 1175 1686 in
1200 1656 1367 1687 mentem

257 1702 395 1741 Crasso
427 1703 607 1753 invidere,
640 1716 764 1755 neque
794 1704 988 1755 poenitere,
1027 1702 1131 1755 quod
1154 1716 1177 1740 a
1201 1714 1264 1740 me
1288 1703 1369 1754 ipse

256 1767 335 1793 non
354 1756 584 1795 desciverim.

309 1809 373 1847 De
387 1811 630 1862 geographia,
650 1811 749 1849 dabo
766 1822 934 1862 operam,
957 1817 1002 1848 ut
1020 1810 1090 1848 tibi
1110 1809 1336 1847 satisfaciam
1351 1823 1363 1848 2

255 1863 320 1900 sed
339 1863 435 1901 nihil
453 1865 543 1902 certi
560 1864 751 1915 polliceor.
783 1864 976 1914 Magnum
999 1876 1094 1914 opus
1113 1870 1194 1906 θεῖς
1225 1863 1292 1901 sed
1309 1870 1367 1900 ta-

254 1928 360 1963 men,
379 1925 424 1954 ut
439 1918 564 1966 jubes,
586 1919 739 1965 curabo,
762 1925 807 1955 ut
822 1917 939 1966 hujus
962 1916 1272 1967 peregrinationis
1295 1915 1365 1953 ali-

253 1970 357 2020 quod
375 1971 445 2008 tibi
463 1984 559 2022 opus
578 1978 708 2009 exstet.
739 1971 805 2009 Tu
833 1969 1020 2022 quidquid
1038 1968 1228 2020 indagaris
1251 1969 1299 2006 de
1323 1982 1364 2007 re

252 2023 421 2073 publica,
456 2033 494 2062 et
521 2025 691 2062 maxime
718 2038 814 2075 quos
849 2024 1018 2063 consules
1052 2022 1200 2061 futuros
1237 2029 1363 2073 putes,

251 2075 365 2114 facito
383 2084 428 2114 ut
445 2077 562 2116 sciam
578 2091 588 2115 ε
610 2078 762 2116 tametsi
785 2078 913 2116 minus
927 2090 1011 2116 sum
1026 2076 1217 2114 curiosus:
1247 2076 1364 2114 statui

252 2129 355 2167 enim
374 2129 471 2168 nihil
485 2132 568 2180 jam
586 2131 633 2169 de
651 2144 692 2169 re
709 2131 864 2182 publica
881 2131 1056 2182 cogitare.

306 2182 495 2223 Terentiae
506 2185 644 2223 saltum
657 2185 931 2237 perspeximus.
960 2183 1067 2233 Quid
1079 2182 1244 2236 quaeris?
1262 2195 1358 2234 prae-

1492 1861 1508 2382 mm
1498 1832 1504 1840 ,⁴
1498 1607 1507 1816 ,.,..-..-ν-ρε-.ν---Ἴ
1504 1570 1506 1572 ,
1502 1512 1504 1525 ,Α
1500 1450 1505 1485 Α-
