1513 2382
369 92 452 131 AD
479 92 766 132 ATTICUM.
796 94 895 134 L113.
927 96 985 134 11.
1015 99 1081 135 20.
1204 101 1283 138 203

169 206 267 245 lium
284 202 444 240 colimus
463 208 502 239 et
527 203 770 241 observamus
793 201 1004 253 diligenter.
1047 204 1186 244 Edicta
1212 206 1283 244 Bi-

169 257 252 299 buli
270 255 382 295 audio
401 254 450 293 ad
471 262 508 293 te
525 255 653 294 missa.
682 256 736 295 Iis
755 256 861 295 ardet
879 257 1007 296 dolore
1026 265 1062 296 et
1080 258 1137 297 ira
1156 267 1282 299 noster

165 309 386 361 Pompeius.

314 460 317 461 ⁷
382 472 494 519 (20.)
532 469 744 510 CICERO
772 470 994 511 ATTICO
1022 473 1062 511 S.

215 578 382 617 Anicato
402 580 463 622 (ut
479 585 517 616 te
531 578 627 616 velle
641 577 922 628 intellexeram)
936 580 1043 617 nullo
1062 579 1145 618 loco
1159 578 1274 618 defui.

161 632 413 672 Numestium
433 645 480 670 ex
497 632 614 669 literis
633 633 724 679 tuis,
745 633 912 671 studiose
931 633 1091 684 scriptis,
1117 633 1277 671 libenter

159 688 201 726 in
215 686 422 725 amicitiam
436 685 569 736 recepi.
600 685 812 732 Caecssium,
829 687 970 737 quibus
981 689 1093 725 rebus
1104 700 1274 738 possum,

157 748 266 780 tueor
298 739 508 790 diligenter.
538 739 663 778 Varro
694 740 875 778 satisfacit
905 741 1027 778 nobis.
1067 741 1276 792 Pompeius

160 802 264 832 amat
281 806 364 840 nos,
385 805 564 843 carosque
581 793 708 831 habet.
739 794 902 832 Credis?
932 794 1094 845 inquies.
1123 794 1271 833 Credo:

155 860 309 899 prorsus
327 847 425 884 mihi
443 846 656 897 persuadet.
699 847 775 885 Sed
804 847 895 899 quia
925 849 988 899 (ut
1006 846 1133 897 video)
1161 861 1275 899 prag-

155 901 286 939 matici
312 900 486 938 homines
505 900 684 938 omnibus
711 900 896 939 historicis
921 902 1134 952 praeceptiS,
1155 903 1273 941 versi-

155 956 229 993 bus
248 954 425 1005 denique,
447 966 575 992 cavere
589 955 741 1002 jubent,
764 962 801 992 et
820 962 948 993 vetant
974 955 1148 1001 credere3
1179 956 1272 994 alte-

153 1022 243 1047 rum
260 1008 370 1055 facio,
391 1014 435 1045 ut
453 1019 632 1053 caveam3
662 1008 839 1056 alterurn,
859 1015 903 1046 ut
928 1021 1005 1046 non
1024 1009 1188 1058 credam,
1214 1010 1272 1047 fa-

134 1075 236 1101 cere
253 1074 330 1099 non
349 1073 517 1112 possum.

208 1114 367 1154 Clodius
386 1114 511 1152 adhuc
528 1112 626 1150 mihi
653 1113 854 1152 denuntiat
880 1114 1119 1165 periculum.
1151 1117 1270 1154 Pom-

152 1169 261 1222 peius
279 1167 458 1214 affirmat,
489 1179 567 1205 non
591 1179 669 1204 esse
687 1168 927 1228 periculum3
958 1168 1132 1217 adjurat3
1163 1170 1269 1208 addit

150 1223 281 1267 etiam,
302 1235 340 1260 se
358 1221 464 1272 prius
479 1219 644 1258 occisum
662 1220 709 1258 iri
727 1222 775 1259 ab
795 1234 852 1267 eo,
868 1234 984 1282 quarn
1001 1234 1065 1260 me
1081 1222 1265 1262 violatum

147 1277 207 1315 iri.
243 1275 447 1314 Tractatur
464 1287 534 1312 res.
571 1274 698 1312 Simul
716 1287 759 1313 ac
778 1274 873 1326 quid
892 1275 962 1313 erit
980 1276 1084 1324 certi,
1105 1277 1267 1315 scribam

147 1331 199 1369 ad
217 1337 267 1369 te.
309 1330 352 1368 Si
370 1328 440 1367 erit
457 1328 726 1380 pugnandum,
754 1341 939 1367 arcessam
971 1330 1020 1367 ad
1051 1330 1265 1369 societatem

142 1383 287 1424 laboris
299 1398 311 1422 ε
342 1383 373 1421 si
392 1382 498 1434 quies
516 1382 683 1429 dabitur,
700 1384 748 1421 ab
772 1383 985 1421 Amalthea
1007 1390 1045 1422 te
1062 1396 1140 1421 non
1159 1397 1264 1423 com-

145 1440 320 1478 movebo.
350 1437 413 1475 De
431 1450 470 1475 re
488 1435 642 1488 publica
659 1436 822 1474 breviter
839 1436 887 1474 ad
907 1444 944 1475 te
963 1438 1125 1476 scribam
1142 1452 1153 1476 :
1179 1439 1263 1488 jam

143 1493 263 1541 enim,
283 1492 413 1531 charta
429 1490 513 1542 ipsa
525 1503 574 1528 ne
591 1503 660 1529 nos
674 1490 823 1541 prodat,
844 1491 1081 1541 pertimesco.

197 1547 336 1598 Itaque
353 1545 524 1596 posthac,
544 1544 577 1582 si
597 1551 708 1582 erunt
729 1545 827 1582 mihi
843 1545 956 1596 plura
974 1545 1023 1583 ad
1042 1553 1079 1584 te
1096 1545 1262 1585 scriben-

140 1599 204 1648 da,
227 1607 463 1647 αλληγοριαις
480 1599 701 1637 obscurabo.

193 1655 237 1692 N
238 1666 313 1692 unc
331 1652 488 1704 quidem
507 1664 606 1691 novo
634 1652 802 1704 quodam
829 1654 964 1690 morbo
983 1652 1116 1691 civitas
1143 1653 1260 1691 mori-

139 1716 231 1754 tur;
261 1714 319 1755 ut,
339 1719 428 1745 cum
447 1718 579 1744 omnes
604 1719 660 1754 ea,
688 1720 776 1758 quae
794 1713 883 1744 sunt
899 1713 996 1754 acta,
1027 1707 1258 1758 improbent,

138 1769 361 1815 querantur,
377 1760 543 1807 doleant,
559 1760 718 1798 varietas
733 1761 774 1798 in
792 1773 832 1798 re
850 1760 960 1797 nulla
979 1760 1039 1808 sit,
1056 1768 1260 1812 aperteque

138 1817 362 1868 loquantur,
398 1821 436 1852 et
460 1814 545 1863 jam
576 1814 674 1852 clare
697 1821 887 1875 gemant;
918 1821 1045 1851 tamen
1070 1815 1260 1852 medicina

141 1870 251 1908 nulla
268 1869 460 1908 afferatur.
486 1868 626 1919 Neque
647 1868 750 1906 enim
769 1867 890 1905 resisti
908 1867 989 1906 sine
1007 1868 1260 1907 internecione

137 1936 247 1976 posse
279 1923 534 1961 arbitramur.
565 1934 634 1960 nec
659 1921 846 1969 videmus,
880 1921 948 1973 qui
976 1921 1062 1960 finis
1087 1922 1257 1970 cedendi,

137 1985 273 2030 praeoer
291 1975 467 2024 exitium,
486 1976 640 2014 futurus
659 1975 719 2013 sit.

193 2031 373 2077 Bibulus,
387 2029 591 2068 hominum
605 2029 854 2068 admiratione
868 2035 905 2068 et
922 2029 1256 2078 benevolentia,in

140 2085 233 2124 coelo
244 2092 310 2124 est.
330 2083 470 2122 Edicta
484 2084 565 2133 ejus
577 2090 614 2121 et
625 2084 820 2121 conciones
831 2083 1049 2122 describunt
1059 2091 1096 2122 et
1105 2084 1253 2135 legunt.

142 2139 255 2178 Novo
287 2137 454 2190 quodam
484 2149 620 2188 genere
638 2136 678 2175 in
711 2149 903 2176 summam
936 2138 1097 2189 gloriam
1128 2137 1253 2176 venit:
