1513 2382
324 66 406 106 AD
434 63 727 106 ATTICUM.
755 64 855 104 Luz.
877 64 960 104 ΙΙΙ.
986 66 1048 104 10.
1176 68 1251 107 221

341 174 458 226 (10.)
489 174 703 214 CICERO
730 171 950 216 ATTICO
979 175 1020 214 S.

177 282 280 322 Acta
297 295 385 334 quae
403 290 527 322 essent
550 296 675 336 usque
696 283 747 321 ad
771 283 886 323 VIII
906 282 1064 322 calend.
1088 282 1117 321 J
1120 282 1245 330 unias,

123 337 284 388 cognovi
302 350 350 375 ex
365 338 441 376 tuis
462 337 581 376 literis
597 352 608 375 :
640 337 791 389 reliqua
809 339 1092 388 exspectabam,
1112 345 1157 374 ut
1176 337 1247 375 tibi

124 391 311 442 placebat,
335 391 638 430 Thessalonicae:
669 393 810 443 quibus
835 392 975 439 allatis,
1000 391 1150 430 facilius
1171 399 1246 429 sta-

124 453 229 483 tuere
258 453 391 497 potero
415 446 484 484 ubi
513 446 598 484 sim.
639 447 762 494 Nam,
794 446 826 484 si
853 447 924 485 erit
953 459 1079 491 causa,
1101 445 1132 483 si
1151 445 1245 497 quid

124 506 273 550 agetur,
311 500 344 538 si
373 513 482 552 spem
510 500 652 548 videro,
684 507 752 538 aut
780 500 925 539 ibidem
956 499 1144 551 opperiar,
1178 506 1246 537 aut

124 566 188 592 me
206 553 255 592 ad
282 561 320 592 te
351 554 556 594 conferam.
596 555 665 593 Sin
685 558 746 598 (ut
764 563 807 593 tu
827 553 976 603 scribis)
1003 555 1075 593 ista
1103 566 1247 592 evanu-

123 607 236 657 erint,
265 608 414 660 aliquid
441 608 550 647 aliud
574 609 802 648 videbimus.
849 609 1025 647 Omnino
1043 607 1170 646 adhuc
1187 607 1247 646 ni-

123 662 180 700 hil
207 663 307 701 mihi
328 663 561 715 significatis,
585 663 659 701 nisi
686 663 914 702 discordiam
940 663 1128 708 istorum3
1158 676 1248 714 quae

123 724 253 755 tamen
279 717 380 755 inter
404 730 467 756 eos
485 717 534 755 de
551 717 731 756 omnibus
755 717 883 768 potius
904 719 1019 756 rebus
1037 725 1106 763 est,
1127 729 1246 769 quam

123 770 170 808 de
201 783 276 809 me.
325 772 479 823 Itaque,
509 772 604 823 quid
629 785 674 810 ea
702 772 800 810 mihi
830 772 964 823 prosit,
995 771 1147 810 nescio:
1178 771 1246 810 sed

123 832 268 873 tamen,
294 825 422 877 quoad
438 839 503 864 me
521 839 587 864 vos
606 839 754 878 sperare
772 826 902 875 vultis,
922 826 1029 864 vobis
1047 827 1246 877 obtempe-

122 881 226 917 rabo.
267 880 375 918 Nam
400 880 506 932 quod
523 893 587 919 me
605 888 686 919 tam
705 894 819 932 saepe,
841 888 879 919 et
902 888 983 919 tam
1002 879 1246 918 vehementer

121 935 317 985 objurgas,
333 942 371 973 et
388 935 517 974 animo
528 935 683 973 infirmo
702 948 780 974 esse
798 934 912 980 dicis;
940 946 1084 986 quaeso,
1099 933 1245 995 ecquod

122 995 274 1026 tantum
291 989 443 1028 malum
461 997 532 1039 est,
548 989 682 1042 quod
670 1002 713 1027 m
730 990 819 1028 mea
832 989 1048 1028 calamitate
1067 1000 1144 1026 non
1164 988 1245 1027 sit?

123 1042 269 1094 Ecquis
287 1055 463 1095 unquam
482 1051 563 1082 tam
592 1058 639 1083 ex
666 1044 798 1095 amplo
826 1051 943 1091 statu,
972 1051 1055 1080 tam
1081 1042 1123 1080 in
1142 1042 1245 1081 bona

122 1097 250 1145 causa,
287 1098 403 1136 tantis
439 1098 686 1137 facultatibus
707 1098 867 1149 ingenii,
898 1097 1059 1145 consilii,
1096 1097 1244 1148 gratiae,

122 1152 237 1190 tantis
266 1152 452 1203 prasidfis
481 1154 672 1191 bonorum
703 1152 894 1200 omnium,
922 1151 1119 1190 concidit?
1149 1152 1245 1189 Pos-

118 1219 206 1244 sum
234 1205 420 1255 oblivisci,
451 1207 521 1258 qui
547 1207 688 1246 fuerim
703 1209 721 1245 Ρ
749 1219 828 1245 non
857 1205 1009 1253 sentire,
1041 1205 1111 1258 qui
1139 1205 1212 1243 sim
1227 1207 1247 1244 Ρ

120 1273 199 1311 quo
227 1273 378 1299 caream
408 1261 553 1300 honore
567 1263 585 1300 Ρ
616 1261 696 1312 qua
723 1261 846 1311 gloria
859 1260 878 1298 ’ἓ
914 1260 1056 1312 quibus
1083 1259 1244 1298 liberis?

120 1315 262 1366 quibus
280 1314 475 1355 fortunis?
504 1328 582 1367 quo
606 1315 723 1353 fratre
740 1317 758 1354 ’ἓ
787 1328 904 1366 quem
930 1328 1000 1365 ego
1020 1317 1083 1359 (ut
1098 1326 1244 1352 novum

120 1369 347 1407 calamitatis
386 1382 509 1421 genus
551 1368 744 1420 attendas)
779 1382 870 1407 cum
906 1369 1028 1420 pluris
1064 1368 1242 1412 facerem,

118 1436 236 1474 quam
256 1436 320 1462 me
337 1423 482 1475 ipsum,
503 1436 729 1476 semperque
752 1423 940 1470 fecissem,
960 1422 1092 1471 vitavi,
1118 1435 1167 1460 ne
1189 1422 1247 1460 vi-

117 1478 262 1525 derem,
274 1490 324 1516 ne
336 1484 404 1516 aut
411 1478 516 1517 illius
524 1479 677 1517 luctum
689 1477 982 1529 squaloremque
996 1477 1247 1528 adspicerem,

118 1538 188 1569 aut
205 1544 284 1580 me,
304 1544 422 1583 quem
440 1532 506 1570 ille
524 1531 839 1571 florentissimum
867 1531 1086 1582 reliquerat,
1118 1530 1246 1582 perdi-

119 1593 205 1624 tum
222 1585 281 1624 illi
299 1585 563 1638 afflictumque
586 1586 775 1625 offerrem.
810 1585 932 1624 Mitto
950 1592 1086 1624 caetera
1108 1585 1246 1624 intole-

119 1639 281 1687 rabilia;
302 1639 445 1678 etenim
462 1640 556 1679 fletu
574 1640 774 1692 impedior.

175 1694 259 1733 Hic
275 1701 410 1733 utrum
431 1694 589 1733 tandem
607 1707 694 1734 sum
713 1693 960 1740 accusandus,
981 1692 1088 1745 quod
1108 1692 1244 1739 dole03

122 1762 186 1797 an,
217 1749 322 1801 quod
340 1749 529 1797 commisi,
548 1757 595 1788 ut
615 1750 697 1788 haec
715 1756 784 1787 aut
801 1761 879 1787 non
897 1747 1100 1786 retinerem
1121 1722 1246 1799 (quod

121 1803 233 1842 facile
249 1803 397 1852 fuisset,
417 1803 495 1841 nisi
510 1804 613 1842 intra
635 1803 797 1856 parietes
815 1815 921 1841 meos
939 1802 988 1840 de
1011 1802 1099 1840 mea
1117 1801 1249 1853 perni-

121 1859 178 1897 cie
197 1857 356 1897 consilia
386 1857 610 1909 inirentur),
634 1864 704 1897 aut
730 1864 829 1897 certe
847 1856 957 1896 vivus
974 1868 1080 1895 nunc
1096 1855 1250 1895 amitte-

121 1925 226 1951 rem.
215 1914 234 1939 ⁹

178 1966 277 2006 Haec
288 1979 332 2006 eo
347 1966 493 2028 scripsi,
508 1975 554 2006 ut
567 1966 695 2020 potius
706 1966 889 2005 relevares
902 1977 967 2004 me
982 1964 1106 2017 (quod
1118 1963 1247 2014 facis),

123 2033 244 2072 quam
268 2028 338 2059 aut
355 2021 604 2072 castigatione
621 2030 689 2060 aut
707 2018 974 2072 objurgatione
991 2019 1156 2071 dignum
1174 2033 1250 2071 pu-

123 2082 247 2114 tates:
277 2088 399 2128 eoque
416 2075 467 2114 ad
483 2076 663 2114 teminus
680 2075 806 2113 multa
823 2074 959 2121 scribo,
978 2074 1084 2126 quod
1101 2081 1139 2111 et
1155 2086 1252 2112 moe-

124 2141 208 2167 rore
225 2129 439 2181 impedior·
426 2159 439 2176 ‚
461 2137 513 2175 et,
542 2129 648 2182 quod
665 2136 881 2181 exspectem
899 2128 1026 2177 istinc,
1045 2127 1169 2179 magis
1186 2128 1256 2166 ha-

127 2183 214 2232 beo,
234 2197 355 2236 quam
374 2184 480 2237 quod
504 2184 588 2237 ipse
613 2184 789 2224 scribam.
818 2183 921 2232 Quae
947 2182 982 2274 531
999 2190 1112 2222 erunt
1124 2183 1254 2231 allata,

910 2249 939 2276 ι’
