1513 2382
372 106 451 146 AD
481 105 762 146 ATTICUM.
793 106 891 145 LrB.
923 107 979 145 11.
1009 110 1073 147 25.
1197 110 1270 149 211

150 224 222 252 nos
240 214 366 253 studia
384 214 716 275 significabantur-J
747 214 812 252 sed
840 227 993 266 prorsus
1017 216 1104 253 vitae
1122 216 1262 255 taedet:

151 265 204 304 ita
221 275 311 306 sunt
328 268 457 306 omnia
467 267 641 306 omnium
654 267 892 306 miseriarum
911 269 1140 329 plenissima.
1169 269 1261 308 Mo-

144 319 200 358 do
217 321 378 359 caedem
383 321 644 369 timueramus,
665 333 781 371 quam
803 321 920 359 oratio
939 322 1129 360 fortissimi
1149 323 1260 370 senis,

150 372 203 420 Q.
224 373 407 423 Considii,
438 375 681 412 discusserat:
713 387 770 421 ea,
803 387 920 425 quam
943 375 1110 426 quotidie
1128 376 1261 415 timere

149 434 408 476 potueramus,
439 428 563 466 subito
588 434 716 466 exorta
735 435 802 465 est.
843 428 950 475 Quid
969 429 1134 479 quaeris?
1163 429 1259 467 nihil

149 491 213 518 me
243 481 525 529 infortunatius,
554 481 610 518 nil
641 481 868 519 fortunatius
894 490 949 519 est
981 482 1134 530 Catulo,
1169 495 1256 520 cum

148 533 345 595 splendore
363 535 463 581 vitae,
480 543 564 572 tum
581 535 654 572 hoc
672 542 851 585 tempore.
881 535 963 573 Nos
978 542 1119 583 tamen,
1139 535 1179 572 in
1197 535 1257 574 his

148 586 320 635 miseriis,
341 596 462 626 erecto
474 588 602 626 animo
621 595 658 626 et
683 587 842 625 minime
859 590 1077 638 perturbato
1095 602 1253 627 sumus:

147 637 483 693 honestissimeque
501 641 725 691 dignitatem
743 649 910 678 nostram
931 650 967 679 et
993 643 1134 692 magna
1164 655 1254 680 cura

146 702 310 732 tuemur.
340 694 546 746 Pompeius
564 694 610 732 de
626 694 765 733 Clodio
780 695 889 743 jubet
909 707 976 732 nos
996 708 1074 733 esse
1092 696 1172 733 sine
1191 708 1256 733 cu·

145 758 214 791 ra;
244 756 281 785 et
300 761 491 787 summam
509 748 549 786 in
568 760 636 786 nos
655 748 954 786 benevolentiam
968 748 1072 786 omni
1090 749 1256 787 oratione

148 799 344 850 significat.

197 853 258 892 Te
282 855 419 894 habere
448 854 688 894 consiliorum
720 862 923 901 auctorem,
955 854 1253 893 sollicitudinum

140 907 300 955 socium,
338 909 443 946 omni
479 909 518 946 in
555 908 778 958 cogitatione
824 910 1083 958 conjunctum,
1128 909 1253 959 cupio.

141 961 286 1009 Quare,
306 970 350 999 ut
371 961 572 1000 Numestio
591 961 783 1009 mandavi,
796 969 920 1000 tecum
936 969 978 999 ut
993 970 1131 1012 ageret,
1145 962 1250 1008 item,

140 1022 256 1067 atque
273 1027 330 1062 eo,
351 1015 381 1053 si
399 1022 534 1067 potest,
554 1014 689 1062 acrius,
710 1021 746 1052 te
770 1024 875 1067 rogo,
906 1023 950 1053 ut
974 1015 1088 1066 plane
1116 1015 1164 1053 ad
1184 1028 1250 1053 nos

138 1068 302 1108 advoles.
332 1067 548 1120 Respiraro,
568 1068 600 1106 si
614 1075 651 1106 te
665 1067 803 1105 videro.

355 1227 466 1273 (25.)
502 1224 716 1265 CICERO
741 1223 964 1263 ATTICO
992 1224 1032 1263 S.

190 1331 297 1372 Cum
309 1332 477 1384 aliquem
491 1332 593 1384 apud
605 1328 641 1370 te
651 1330 807 1370 laudaro
819 1339 973 1370 tuorum
987 1331 1248 1381 familiarium,

136 1388 266 1426 volam
283 1387 396 1424 illum
414 1386 506 1424 scire
525 1400 572 1424 ex
591 1394 642 1433 te,
662 1397 725 1423 me
742 1385 782 1422 id
800 1385 956 1430 fecisse,
946 1399 955 1408 ·
985 1392 1030 1422 ut
1048 1398 1170 1436 nuper
1188 1399 1251 1425 me

139 1441 211 1479 scis
241 1440 426 1491 scripsisse
445 1440 493 1477 ad
512 1447 549 1478 te
567 1439 615 1477 de
639 1439 822 1477 Varronis
848 1452 936 1489 erga
964 1452 1026 1476 me
1051 1439 1186 1487 officio,
1215 1448 1252 1478 te

139 1494 189 1532 ad
217 1506 280 1532 me
308 1494 550 1544 rescripsisse,
577 1506 661 1531 eam
689 1505 770 1530 rem
796 1505 957 1530 summae
976 1492 1045 1530 tibi
1064 1493 1250 1543 voluptati

138 1560 228 1586 esse.
257 1547 332 1586 Sed
350 1560 419 1598 ego
437 1547 610 1594 mallem,
635 1546 711 1584 ad
701 1559 830 1597 ipsum
849 1545 1069 1596 scripsisses,
1088 1546 1185 1582 mihi
1204 1546 1251 1584 11-

139 1602 222 1639 lum
241 1600 473 1646 satisfacere,
490 1613 566 1638 non
586 1613 662 1651 quo
683 1600 832 1645 faceret,
850 1599 914 1638 sed
929 1606 971 1636 ut
991 1598 1139 1636 faceret.
1168 1600 1250 1637 Mi-

137 1654 306 1693 rabiliter
331 1654 433 1692 enim
460 1661 629 1692 moratus
657 1660 726 1700 est,
756 1653 854 1691 sicut
886 1652 1000 1700 nosti,
1032 1655 1164 1689 ἑλικτα
1191 1667 1250 1688 και

139 1707 244 1745 ουδεν.
272 1707 348 1746 Sed
361 1720 429 1746 nos
443 1715 615 1746 tenemus
629 1714 860 1758 praeceptum
873 1705 984 1750 illud,
1002 1719 1071 1748 τας
1083 1721 1153 1742 των
1167 1721 1253 1754 κρα-

140 1775 305 1798 τουντων.
342 1761 402 1799 At
421 1761 612 1807 (hercule)
642 1761 748 1807 alter,
769 1767 858 1797 tuus
876 1758 1086 1805 familiaris,
1108 1758 1253 1796 Horta-

137 1814 212 1862 lus,
232 1827 350 1866 quam
368 1815 482 1866 plena
499 1827 633 1861 manu,
646 1826 763 1864 quam
782 1813 960 1864 ingenue,
974 1824 1091 1863 quam
1106 1819 1251 1859 ornate,

137 1875 282 1906 nostras
310 1868 470 1906 laudes
459 1881 499 1906 111
518 1875 617 1906 astra
635 1867 801 1913 sustulit,
826 1879 914 1904 cum
934 1865 980 1903 de
1000 1865 1127 1903 Flacci
1153 1879 1251 1916 prae-

133 1921 238 1968 tura,
255 1931 292 1960 et
310 1921 357 1960 de
369 1922 436 1960 illo
450 1930 621 1973 tempore
636 1921 908 1970 Allobrogum,
921 1919 1084 1958 diceret!
1107 1920 1170 1957 Sic
1182 1919 1253 1957 ha

137 1975 237 2022 beto,
254 1987 323 2014 nec
333 1976 537 2022 amantius,
554 1987 622 2012 nec
635 1973 955 2019 honorificentius,
969 1985 1036 2010 nec
1049 1972 1249 2024 copiosius,

136 2028 303 2078 potuisse
320 2029 406 2068 dici.
446 2029 497 2066 Ei
517 2038 554 2066 te
581 2027 652 2066 hoc
676 2027 835 2065 scribere
854 2040 877 2064 a
894 2039 957 2064 me
975 2026 1044 2064 tibi
1063 2039 1141 2064 esse
1158 2026 1250 2064 mis-

137 2094 237 2128 sum,
258 2094 346 2120 sane
365 2083 462 2122 volo.
493 2081 568 2120 Sed
586 2081 680 2132 quid
699 2088 741 2118 tu
756 2081 894 2119 scribas
907 2082 925 2118 9
955 2092 1070 2131 quem
1086 2081 1168 2129 jam
1184 2092 1254 2130 ego

137 2136 262 2174 venire
280 2144 396 2187 atque
415 2136 544 2175 adesse
559 2134 741 2174 arbitror:
772 2134 824 2173 ita
839 2134 938 2173 enim
959 2133 1020 2184 egi
1045 2140 1169 2172 tecum
1189 2146 1254 2171 su·
