1513 2382
190 81 271 119 226
394 81 477 119 AD
508 79 791 120 ATTICUM.
821 80 924 120 LJB.
947 80 1031 119 111.
1065 82 1136 119 15.-

189 189 381 240 scripsisti.
412 189 596 228 Varronis
609 202 732 228 sermo
743 189 834 227 facit
852 188 1172 240 exspectationem
1185 188 1313 227 Caesa-

190 243 264 280 ris:
295 250 411 294 atque
437 243 588 281 utinam
606 244 688 295 ipse
706 243 832 282 Varro
849 243 1048 281 incumbat
1064 242 1106 280 in
1124 255 1279 282 causam
1298 242 1309 280 !

190 296 296 347 quod
308 296 492 349 profecto,
513 310 604 336 cum
632 297 704 336 sua
721 304 869 348 sponte,
888 304 975 335 tum
995 304 1033 336 te
1053 296 1232 346 instante,
1255 295 1314 335 fa-

194 350 280 388 ciet.

245 404 347 456 Ego,
375 404 407 443 si
424 417 487 444 me
505 405 712 458 aliquando
739 405 852 444 vestri
884 412 921 444 et
944 405 1078 456 patriae
1096 410 1314 456 compotem

192 458 346 497 fortuna
363 459 506 509 fecerit,
522 468 620 499 certe
632 460 807 507 efficiam,
827 467 872 498 ut
889 459 1060 498 maxime
1071 460 1200 498 laetere
1213 471 1316 497 unus

193 526 241 551 ex
267 513 446 552 omnibus
475 514 632 560 amicis3
661 526 825 565 meaque
843 513 967 552 officia
991 520 1028 552 et
1057 512 1200 560 studia,
1226 526 1315 564 quae

194 580 333 618 parum
352 575 464 606 antea
475 568 673 614 luxerunt,
695 567 910 611 (fatendum
927 574 984 605 est
1003 567 1123 614 enim)
1143 567 1195 606 sic
1209 579 1318 605 exse-

195 634 306 672 quar,
336 629 382 660 ut
408 634 472 660 me
496 635 604 673 aeque
627 622 713 670 tibi,
737 635 781 660 ac
806 621 916 660 fratri
943 627 981 659 et
1006 620 1137 660 liberis
1164 620 1316 669 nostris,

195 675 416 713 restitutum
447 682 569 727 putes.
610 676 652 715 Si
678 675 805 728 quid
795 688 836 714 1n
865 682 903 714 te
927 675 1094 727 peccavi,
1121 687 1164 713 ac
1187 673 1317 726 potius

196 729 380 780 quoniam
397 730 564 781 peccavi,
583 729 747 781 ignosce.
777 730 828 768 In
841 742 906 768 me
924 729 1027 767 enim
1040 729 1170 781 ipsum
1187 741 1322 780 pecca-

197 783 236 820 vi
267 783 542 822 vehementius.
583 785 723 836 Neque
747 784 830 822 haec
856 796 900 822 eo
919 783 1055 831 scribo,
1075 796 1154 835 quo
1181 789 1220 821 te
1241 794 1318 820 non

197 850 284 875 meo
302 850 392 876 casu
418 837 591 876 maximo
619 838 748 877 dolore
773 851 853 876 esse
877 837 1058 877 affectum
1084 837 1225 875 sciam:
1255 835 1322 874 sed

197 891 379 942 profecto,
400 892 447 939 si,
477 899 668 943 quantum
699 905 764 930 me
793 905 899 931 amas
924 898 962 930 et
995 889 1146 939 amasti,
1165 897 1322 929 tantum

197 958 326 984 amare
355 946 509 984 deberes
534 959 578 985 ac
607 946 814 995 debuisses,
833 958 1036 996 nunquam
1055 957 1154 985 aesae
1171 957 1320 996 passus,

198 1012 275 1047 me,
289 1012 366 1051 quo
385 1007 428 1038 tu
447 1000 684 1049 abundabas,
705 1013 813 1052 egere
831 1000 1011 1046 consilio;
1032 1012 1101 1038 nec
1120 1012 1218 1037 esses
1235 1011 1324 1050 pas-

198 1066 262 1091 sus
280 1053 378 1092 mihi
394 1054 628 1105 persuaderi,
656 1054 752 1093 utile
777 1054 887 1093 nobis
915 1067 1007 1102 esse,
1026 1053 1154 1105 legem
1171 1053 1219 1092 de
1243 1052 1322 1092 col-

203 1107 314 1158 legiis
333 1108 502 1159 perferri.

254 1162 330 1200 Sed
342 1170 385 1200 tu
398 1170 549 1200 tantum
563 1163 751 1214 lacrymas
762 1161 959 1213 praebuisti
970 1161 1092 1200 dolori
1104 1174 1191 1199 meo
1200 1160 1322 1212 (quod

200 1223 281 1254 erat
299 1215 470 1264 amoris),
490 1223 692 1267 tamquam
710 1216 791 1267 ipse
812 1229 909 1267 ego:
940 1216 1044 1267 quod
1062 1215 1208 1253 meritis
1225 1215 1321 1252 meis

200 1269 414 1321 perfectum
443 1283 522 1308 esse
550 1269 690 1321 potuit,
717 1277 762 1307 ut
780 1269 859 1307 dies
887 1276 925 1307 et
948 1277 1089 1316 noctes,
1113 1268 1208 1320 quid
1225 1268 1323 1305 mihi

200 1322 419 1361 faciendum
447 1331 556 1372 esset,
586 1324 782 1375 cogitares,
802 1324 842 1361 id
861 1325 928 1362 abs
945 1330 997 1390 te,
1016 1335 1118 1371 meo,
1144 1334 1222 1360 non
1239 1330 1322 1370 tuo,

200 1377 353 1424 scelere,
374 1377 674 1428 praetermissum
695 1385 762 1415 est.

255 1431 374 1479 Quod
399 1431 432 1469 si
450 1444 527 1469 non
545 1431 660 1469 modo
684 1438 743 1479 tu,
764 1430 829 1469 sed
855 1431 1060 1482 quisquam
1088 1430 1235 1479 fuisset,
1256 1430 1326 1482 qui

200 1497 266 1523 me
284 1485 461 1536 Pompeii
489 1485 620 1523 minus
651 1485 801 1523 liberali
821 1498 1001 1536 responso
1028 1485 1272 1536 perterritum
1298 1498 1322 1522 a

202 1539 423 1590 turpissimo
455 1539 611 1578 consilio
638 1546 828 1578 revocaret
859 1539 980 1590 (quod
1009 1551 1111 1577 unus
1135 1546 1179 1576 tu
1205 1539 1329 1577 facere

202 1593 373 1631 maxime
390 1592 583 1644 potuisti),
612 1600 680 1631 aut
697 1593 957 1632 occubuissem
974 1593 1147 1643 honeste,
1167 1599 1235 1631 aut
1248 1593 1327 1632 vic-

205 1654 304 1685 tores
321 1647 437 1686 hodie
457 1647 684 1686 viveremus.

259 1701 340 1739 Hic
360 1701 458 1738 mihi
483 1701 678 1752 ignosces:
707 1713 771 1739 me
789 1700 893 1739 enim
910 1701 1040 1753 ipsum
1058 1700 1185 1739 multo
1201 1699 1327 1751 magis

204 1766 339 1793 accuso
355 1768 367 1800 ς
398 1754 535 1794 deinde
553 1763 604 1804 te,
625 1755 736 1807 quasi
752 1767 816 1793 me
834 1755 1019 1793 alterum:
1040 1762 1078 1794 et
1096 1754 1214 1793 simul
1231 1767 1328 1792 meae

204 1809 329 1859 culpae
351 1809 497 1847 socium
516 1822 647 1860 quaero
665 1824 675 1848 :
706 1821 764 1856 ac,
791 1809 823 1847 si
850 1809 1040 1856 restituor,
1062 1809 1177 1847 etiam
1194 1808 1327 1846 minus

204 1861 422 1900 videbimur
439 1863 663 1914 deliquisse3
684 1864 753 1901 abs
770 1870 885 1914 teque
899 1870 1012 1909 certe,
1032 1862 1214 1914 quoniam
1227 1862 1327 1900 ,nul-

206 1915 244 1953 lo
262 1924 406 1964 nostro,
425 1924 493 1955 tuo
511 1917 631 1968 ipsius
648 1917 848 1965 beneficio,
867 1916 1086 1967 diligemur.

261 1969 381 2017 Quod
402 1976 441 2008 te
463 1983 553 2009 cum
581 1971 767 2009 Culleone
785 1970 915 2009 scribis
939 1970 987 2008 de
1004 1969 1204 2021 privilegio
1220 1969 1328 2008 locu-

207 2029 307 2070 tum,
328 2030 385 2061 est
403 2024 573 2076 aliquid;
603 2025 669 2063 sed
687 2025 812 2063 multo
831 2031 886 2063 est
902 2024 1043 2062 melius
1068 2023 1255 2075 abrogari.
1286 2023 1330 2062 Si

209 2076 313 2114 enim
331 2089 445 2116 nemo
469 2078 669 2129 impediet,
689 2078 785 2131 quid
804 2086 860 2117 est
877 2077 1055 2116 firmius?
1083 2077 1152 2116 Sin
1171 2077 1243 2116 erit
1261 2077 1331 2128 qui

203 2129 296 2167 ferri
333 2142 410 2168 non
444 2132 558 2180 sinat,
601 2132 704 2171 idem
737 2134 907 2171 senatus·
908 2132 1082 2170 consulto
1115 2131 1334 2170 intercedet.

207 2183 292 2223 Nec
311 2184 524 2236 quidquam
545 2185 652 2224 aliud
671 2198 769 2238 opus
790 2193 859 2234 est,
880 2198 999 2238 quam
1019 2185 1219 2237 abrogari.
1240 2196 1332 2223 nam
