1513 2382
328 91 413 131 AD
442 89 872 131 DIVERSOS..L1B.
898 89 992 128 XV.
1023 90 1089 127 21.
1191 89 1262 127 111

143 213 299 252 quoque
328 213 436 248 usus,
469 200 543 238 hoc
574 199 702 238 subito
733 210 944 250 cognomen
971 196 1157 249 arripuit:
1197 197 1266 235 etsi

144 253 340 292 modestus
373 255 456 303 ejus
487 254 632 300 vultus,
661 265 860 304 sermoque
898 260 1089 300 constans,
1126 252 1266 290 habere

144 307 330 359 quiddam
345 322 369 346 a
387 307 555 346 Curibus
573 307 785 346 videbatur.

197 361 274 400 Sed
292 362 339 400 de
359 362 501 401 Sabino
529 361 631 400 satis.
661 361 742 411 Tu,
763 360 820 398 mi
839 360 1025 409 Treboni,
1046 359 1201 411 quando
1220 359 1268 397 ad

144 428 315 454 amorem
333 429 466 454 meum
481 416 725 467 aliquantum
744 415 837 453 olim
857 415 1050 452 discedens
1066 413 1266 457 addidistig

147 482 225 520 quo
243 470 477 509 tolerabilius
495 470 662 508 feramus
676 469 891 520 igniculum
905 468 1080 506 desiderii
1098 467 1169 514 tui,
1191 481 1270 506 cre-

143 523 220 561 bris
249 537 319 563 nos
343 524 462 562 literis
482 525 700 576 appellat03
731 532 846 575 atque
873 523 940 570 ita,
971 523 1003 560 si
1027 522 1131 559 idem
1154 522 1221 560 fiat
1247 535 1270 559 3

143 577 254 616 nobis
271 593 282 616 ε
313 592 552 630 quamquam
571 578 659 616 duae
677 591 800 616 causae
819 588 922 624 sunt,
943 589 1011 615 cur
1031 584 1072 614 tu
1091 576 1271 627 frequen-

144 631 217 670 tior
241 631 283 670 in
302 632 374 670 isto
399 633 522 671 officio
541 645 620 671 esse
645 632 796 680 debeas,
817 644 936 683 quam
958 643 1052 677 nos,
1042 645 1051 653 ·
1082 630 1269 681 primum,

141 685 248 737 quod
262 686 355 724 olim
371 687 555 733 solebant,
573 687 642 738 qui
656 687 795 724 Romae
814 693 935 733 erant,
956 685 1005 723 ad
1022 684 1272 736 provinciales

144 740 286 778 amicos
304 740 353 779 de
377 754 417 779 re
434 740 591 792 publica
603 741 790 778 scribere.
821 752 925 777 nunc
944 746 987 777 tu
1006 739 1116 777 nobis
1133 738 1272 776 scribas

141 801 314 845 oportet.
345 808 404 833 res
435 795 539 833 enim
571 794 728 846 publica
760 793 844 832 istic
877 801 958 831 331.
990 792 1139 841 deinde,
1167 791 1273 844 quod

143 859 211 886 nos
230 848 314 886 31113
333 849 465 886 officiis
483 848 556 886 tibi
574 848 722 886 absenti
742 847 955 886 satisfacere
973 859 1204 898 possumus;
1225 855 1271 883 tu

143 902 268 950 nobis,
295 902 369 941 nisi
386 902 520 952 literis,
545 915 622 940 non
650 902 760 940 video
789 915 866 953 qua
893 914 934 940 re
956 900 1032 939 alia
1061 900 1273 939 satisfacere

147 969 280 1008 poss1s.

199 1010 276 1049 Sed
295 1018 428 1049 caetera
446 1011 584 1049 scribes
603 1009 653 1048 ad
670 1023 739 1048 nos
765 1016 908 1061 postea.
947 1008 1068 1047 Nunc
1095 1008 1177 1047 haec
1194 1008 1274 1060 pri-

146 1076 213 1103 mo
231 1065 344 1116 cupio
362 1077 610 1116 cognoscere:
641 1065 714 1102 iter
731 1071 844 1104 tuum
864 1063 1081 1112 cujusmodi
1100 1063 1176 1108 sit,
1165 1076 1175 1085 ·
1205 1062 1275 1101 ubi

146 1119 321 1157 Brutum
353 1126 528 1157 nostrum
557 1118 726 1164 videris;
761 1117 949 1168 quamdiu
979 1116 1095 1154 simul
1132 1116 1274 1155 fueris:

144 1172 298 1220 deinde,
319 1186 410 1211 cum
428 1173 652 1224 processeris
670 1171 837 1222 longius,
853 1171 902 1209 de
915 1170 1060 1209 bellicis
1078 1171 1206 1218 rebus,
1226 1170 1274 1209 de

140 1233 219 1265 toto
238 1227 405 1278 negotio,
436 1234 481 1265 ut
519 1227 738 1265 existimare
764 1225 969 1277 possimus,
990 1238 1068 1276 quo
1096 1232 1198 1263 statu
1225 1225 1277 1262 si-

144 1293 246 1319 mus.
290 1281 378 1332 Ego
407 1288 563 1320 tantum
592 1294 657 1319 me
688 1280 781 1319 scire
810 1281 970 1331 putabo,
1004 1287 1194 1330 quantum
1227 1292 1276 1317 ex

144 1335 221 1373 tuis
239 1335 359 1373 literis
377 1335 527 1374 habebo
547 1335 895 1386 c„g11itu1n.Cura
914 1342 958 1372 ut
977 1334 1116 1383 valeas,
1136 1345 1276 1385 meque

146 1401 251 1429 ames
265 1402 396 1429 amore
413 1389 481 1429 illo
500 1398 567 1429 tuo
585 1388 783 1441 singulari.

270 1553 382 1602 (21.)
411 1552 474 1591 M.
488 1552 539 1591 T.
553 1552 600 1591 C.
630 1551 937 1592 TREBONIO
967 1552 1006 1591 S.
1025 1551 1071 1589 P.
1085 1549 1141 1590 D,

203 1662 529 1711 (Argumentum.
541 1662 751 1712 —Rogat‚
771 1668 816 1699 ut
835 1659 894 1698 sui
912 1659 1078 1699 absentis
1098 1658 1277 1698 desideri-

148 1728 218 1753 um
237 1716 406 1767 epistolis
425 1715 566 1754 crebris
594 1723 632 1754 31
656 1715 782 1776 longis
799 1714 942 1753 leniat:
973 1714 1020 1752 de
1046 1713 1168 1752 Calvo
1192 1726 1277 1752 ora-

147 1778 230 1808 tore
244 1771 328 1820 jam
347 1777 502 1808 mortuo
519 1769 614 1820 quid
633 1770 785 1812 sentiat
806 1766 995 1820 exponit.)

202 1877 256 1915 Et
275 1878 475 1930 epistolam
504 1884 613 1916 tuam
631 1878 709 1944 139
727 1879 904 1922 libenter,
925 1884 964 1915 et
980 1876 1126 1914 librum
1152 1875 1276 1914 liben-

150 1931 320 1970 tissime.
352 1932 418 1971 sed
428 1940 573 1979 tamen,
592 1932 633 1968 in
653 1946 699 1970 ea
718 1933 926 1982 voluptate,
942 1931 1046 1969 hunc
1064 1930 1192 1981 accepi
1210 1930 1278 1967 do-

149 1986 286 2033 lorem,
303 1986 422 2038 quod,
438 1999 529 2025 cum
539 1986 768 2025 incendisses
781 1984 1030 2036 cupiditatem
1045 1997 1172 2022 meam
1187 1996 1277 2022 con-

149 2040 364 2079 suetudinis
392 2048 533 2079 nostrae
559 2040 760 2091 augendae,
782 2042 891 2082 (nam
921 2038 970 2077 ad
998 2050 1170 2076 amorem
1189 2037 1279 2089 qui-

147 2093 237 2132 dem
265 2094 364 2132 nihil
394 2101 543 2146 poterat
578 2093 772 2143 accedere)
795 2101 881 2131 tum
912 2092 1071 2132 discedis
1098 2105 1121 2130 a
1148 2091 1259 2130 nobis
1273 2118 1285 2138 ‚

150 2160 292 2199 meque
311 2156 418 2187 tanto
437 2148 624 2187 desiderio
644 2148 778 2195 afficis,
799 2154 843 2185 ut
857 2159 977 2185 unam
994 2145 1092 2184 mihi
1111 2144 1285 2185 consola-

150 2201 298 2241 tionem
317 2203 527 2254 relinquas,
545 2203 643 2251 fore,
674 2209 718 2240 ut
736 2201 937 2253 utriusque
956 2203 1143 2240 nostrum
1150 2201 1288 2239 absen-
