1513 2382
349 117 746 159 AD·-ATTICUM.
777 119 877 157 Lm.
904 118 1028 157 VIII.
1058 118 1096 155 4.
1202 115 1279 159 371

164 223 229 262 nio
257 224 462 276 pugnasse,
493 227 650 278 pulsum
682 228 936 275 Trebonium,
970 224 1086 264 etiam
1115 222 1284 262 Fabium

164 285 278 316 tuum
314 281 493 319 transisse
529 293 618 319 cum
655 282 871 320 cohortibus
888 295 898 319 ε
947 292 1100 318 summa
1136 284 1282 323 autem,

164 331 376 370 Afranium
395 347 484 372 cum
495 335 646 386 magnis
659 335 775 386 copiis
791 335 1003 373 adventare.
1034 331 1084 370 Id
1103 331 1134 369 si
1153 338 1222 378 est,
1242 330 1284 367 in

164 384 279 423 Italia
296 386 454 426 fortasse
472 389 701 427 manebitur.
732 389 819 440 Ego
837 396 980 434 autem,
1001 399 1092 425 cum
1111 392 1206 423 esset
1223 384 1285 421 in-

164 446 311 477 certum
336 440 408 479 iter
433 442 607 489 Caesaris,
641 443 746 494 quod
774 443 835 480 vel
862 442 911 480 ad
940 441 1117 492 Capuam
1143 438 1204 476 vel
1233 436 1283 475 ad

166 492 371 532 Luceriam
395 496 520 534 iturus
545 498 767 548 putabatur,
792 497 959 546 Leptam
984 494 1033 532 ad
1053 491 1288 543 Pompeium

165 546 255 585 misi
273 555 310 586 et
327 548 478 595 literas3
508 551 602 601 ipse,
623 563 672 588 ne
691 564 767 601 quo
785 550 1005 594 inciderem,
1034 546 1171 585 reverti
1191 545 1289 582 For-

166 600 275 639 mias.
306 602 404 641 Haec
423 612 460 642 te
479 604 571 642 scire
583 604 701 651 volui,
719 604 925 655 scripsique
940 601 1123 641 sedatiore
1142 599 1286 645 animo,

167 667 286 705 quam
306 657 480 707 proxime
499 658 734 709 scripseram,
765 659 920 695 nullum
948 668 1082 695 meum
1097 652 1289 704 judicium

167 707 424 760 interponens,
445 712 511 750 sed
530 712 732 763 exquirens
746 719 872 749 tuum.

403 870 489 923 (4.)
520 871 733 911 CICERO
761 871 982 911 ATTICO
1012 872 1053 910 s.

224 977 435 1031 Dionysius
463 980 622 1031 quidem
646 988 736 1019 tuus
762 980 904 1032 potius,
926 992 1043 1032 quam
1062 984 1188 1016 noster
1208 977 1294 1030 (cu-

167 1033 232 1082 jus
252 1045 322 1083 ego
350 1046 438 1071 cum
465 1034 554 1072 satis
582 1037 805 1085 cognossem
833 1047 972 1082 mores,
993 1043 1060 1071 tuo
1079 1040 1208 1070 tamen
1227 1044 1297 1082 po-

171 1086 248 1125 tius
267 1089 414 1126 stabam
430 1088 589 1137 judicio,
610 1101 730 1140 quam
757 1096 876 1136 meo),
902 1101 950 1126 ne
969 1087 1026 1125 tui
1045 1085 1202 1138 quidem
1221 1092 1296 1123 tes-

171 1140 335 1189 timonii,
370 1141 474 1193 quod
507 1142 542 1179 ei
571 1155 671 1194 saepe
707 1142 812 1194 apud
840 1155 903 1180 me
936 1141 1105 1187 dederas,
1138 1139 1296 1186 veritus,

172 1196 381 1246 superbum
401 1209 439 1234 se
457 1196 622 1247 praebuit
646 1196 687 1234 in
711 1196 881 1245 fortuna,
903 1208 1021 1247 quam
1041 1193 1192 1246 putavit
1209 1205 1298 1230 nos-

172 1255 272 1286 tram
305 1248 408 1287 fore:
446 1251 558 1299 cujus
589 1250 754 1289 fortunae
786 1262 870 1296 nos,
903 1257 1094 1301 quantum
1123 1247 1297 1285 humano

173 1302 328 1340 consilio
347 1303 444 1341 effici
462 1304 614 1355 poterit,
634 1312 786 1342 motum
806 1303 951 1341 ratione
969 1302 1139 1354 quadam
1158 1302 1299 1351 guber-

174 1356 369 1395 nabimus.
401 1357 477 1395 Cui
507 1358 575 1409 qui
600 1365 726 1395 noster
748 1358 883 1404 honos,
914 1356 1018 1408 quod
1054 1354 1297 1406 obsequium,

175 1423 263 1461 quae
293 1410 408 1449 etiam
438 1411 487 1449 ad
517 1419 668 1450 caeteros
694 1411 876 1450 contemti
898 1409 1100 1459 cujusdam
1128 1407 1297 1446 hominis

176 1464 471 1512 commendatio,
485 1465 607 1503 defuit
621 1468 638 1504 Ρ
667 1475 713 1504 ut
726 1478 859 1503 meum
871 1464 1061 1513 judicium
1076 1461 1302 1514 reprehendi

177 1530 201 1555 a
213 1517 363 1565 Quinto
374 1518 503 1565 fratre,
514 1520 708 1570 vulgoque
722 1521 770 1557 ab
785 1519 979 1565 omnibus,
993 1517 1166 1564 mallem,
1182 1528 1303 1566 quam

177 1571 292 1609 illum
320 1584 398 1610 non
436 1573 566 1611 efferre
601 1573 806 1619 laudibus3
849 1572 1125 1621 Ciceronesque
1156 1576 1303 1608 nostros

179 1636 266 1663 meo
284 1626 413 1677 potius
427 1627 556 1665 labore
575 1627 786 1674 subdoceri,
801 1639 919 1678 quam
935 1638 997 1663 me
1016 1624 1137 1663 alium
1157 1623 1202 1660 iis
1221 1636 1304 1661 ma-

180 1678 344 1729 gistrum
364 1693 543 1731 quaerere.
574 1681 640 1718 Ad
655 1693 772 1731 quem
791 1693 862 1732 ego
878 1692 974 1731 quas
987 1679 1130 1724 literas,
1146 1676 1217 1714 Dii
1230 1676 1305 1714 im-

180 1733 359 1772 mortales
375 1734 384 1771 1
407 1734 585 1773 miseram
602 1735 611 1772 !
635 1742 826 1785 quantum
843 1733 997 1772 honoris
1017 1732 1272 1783 significantes
1291 1730 1301 1768 !

180 1794 372 1838 quantum
408 1788 548 1826 amoris
567 1789 576 1826 !
622 1788 891 1826 Dicaearchum
931 1786 1199 1840 (mehercule)
1237 1790 1306 1822 aut

180 1840 460 1880 Aristoxenum
494 1842 634 1880 diceres
671 1842 820 1890 arcessi,
861 1854 939 1879 non
967 1853 1092 1879 unum
1128 1838 1306 1878 omnium

181 1894 494 1947 loquacissimum
516 1904 553 1935 et
571 1896 732 1934 minime
751 1903 885 1947 aptum
905 1895 954 1934 ad
972 1893 1200 1933 docendum.
1232 1892 1308 1931 Sed

183 1956 240 1986 est
265 1950 452 1988 memoria
480 1950 593 1989 bona.
635 1950 707 1988 Me
726 1949 824 1988 dicet
851 1962 929 1988 esse
947 1948 1116 1987 meliore.
1151 1946 1308 1994 Quibus

182 2002 302 2042 literis
333 2003 388 2042 ita
420 2005 626 2055 respondit,
657 2012 701 2042 ut
730 2017 800 2055 ego
824 2003 984 2051 nemini,
1012 2003 1122 2052 cujus
1153 2012 1310 2040 causam

184 2067 263 2095 non
283 2057 501 2109 reciperem.
538 2059 698 2110 Semper
720 2058 837 2105 enim,
866 2060 895 2080 ‘⁶
916 2058 958 2096 Si
981 2063 1140 2108 poter03
1172 2055 1204 2093 si
1222 2060 1310 2092 ante

185 2110 362 2163 suscepta
389 2112 504 2151 causa
529 2125 608 2151 non
637 2111 865 2164 impediar.''
899 2112 1116 2163 Nunquam
1140 2121 1204 2147 reo
1228 2107 1310 2146 cui-

185 2177 321 2216 quam,
343 2172 424 2205 tam
453 2167 607 2215 humili,
628 2174 709 2205 tam
731 2165 897 2210 sordido,
924 2172 1006 2203 tam
1034 2163 1199 2209 nocenti,
1229 2168 1310 2199 tam

185 2218 326 2270 alieno,
347 2225 427 2259 tam
455 2221 608 2272 praecise
631 2220 782 2272 negavi,
809 2233 928 2272 quam
951 2219 1013 2258 hic
1039 2217 1147 2257 mihi.
1187 2216 1310 2255 Plane
