1513 2382
324 84 408 125 AD
435 84 715 125 ATTICUM.
745 87 846 124 Lm.
868 86 950 124 ΙΙΙ.
979 87 1047 130 27.
1166 86 1246 129 237

140 192 414 231 humanissime
426 192 640 245 deponeret.
669 192 745 232 Sed
763 206 904 241 vereor,
924 205 987 241 ne,
1006 193 1075 231 hos
1089 204 1177 231 cum
1193 200 1250 230 ta-

139 258 228 284 men
246 253 371 285 tenere
391 248 640 298 potuerimus,
660 247 831 285 tribunos
850 247 973 298 plebis
998 246 1248 284 amiserimus.

141 299 238 338 Haec
261 313 319 339 τας
350 301 676 351 quemadmodum
704 300 890 348 ceciderit,
921 308 958 338 et
982 307 1060 338 tota
1089 313 1147 338 res
1172 312 1250 351 quo

138 352 221 391 loco
239 353 300 402 sit,
327 354 456 402 velim,
486 355 535 393 ad
557 367 619 393 me
637 354 790 402 scribas,
811 361 848 392 et
873 354 940 403 ita,
967 362 1011 392 ut
1038 353 1246 391 instituisti.

138 407 245 445 Nam
271 406 343 446 ista
360 408 508 456 veritas,
528 408 676 446 etiamsi
690 408 862 457 jucunda
883 420 961 446 non
986 415 1055 457 est,
1075 407 1172 445 mihi
1193 414 1249 444 ta-

137 471 226 499 men
243 469 351 512 grata
369 468 435 500 est.
463 461 557 501 Dat.
577 462 640 501 IV
660 461 721 500 Id.
738 461 941 500 Decembr.

351 624 462 672 (25.)
493 621 706 663 CICERO
733 622 954 663 ATTICO
982 624 1023 662 s.

192 729 284 768 Post
297 736 410 768 tuum
422 744 445 769 a
455 744 518 770 me
536 731 756 779 discessum,
771 731 889 770 literae
899 730 998 770 mihi
1012 729 1141 769 Roma
1155 729 1249 767 alla-

138 789 187 821 tae
204 791 307 832 sunt,
325 797 372 822 ex
386 785 526 836 quibus
543 785 742 836 perspicio,
763 786 872 823 nobis
891 785 931 823 in
945 785 1017 823 hac
1035 783 1249 822 calamitate

136 837 406 875 tabescendum
425 851 529 877 esse:
560 851 684 890 neque
702 839 820 885 enim,
841 839 924 881 (sed
942 840 1082 876 bonam
1103 837 1144 874 in
1163 850 1250 888 par-

137 897 215 928 tem
232 891 406 942 accipies)
427 892 457 930 si
482 892 574 930 ulla
581 905 664 943 spes
687 893 818 931 salutis
836 905 903 931 nos
905 900 973 930 trae
992 893 1171 937 subesset,
1192 898 1250 938 tu,

138 957 208 994 pro
222 951 288 982 tuo
306 957 434 983 amore
452 945 491 983 in
512 959 588 993 me,
603 947 674 984 hoc
703 955 873 998 tempore
891 946 1129 984 discessisses.
1159 944 1249 991 Sed,

140 1009 188 1035 ne
205 997 357 1048 ingrati,
373 1007 440 1037 aut
454 1012 502 1037 ne
516 999 645 1038 omnia
659 1000 756 1038 velle
774 1000 972 1038 nobiscum
991 1011 1070 1037 una
1083 998 1250 1046 interire,

139 1050 349 1101 videamur,
369 1052 441 1091 hoc
465 1053 624 1092 omitto:
654 1052 752 1091 illud
777 1055 844 1092 abs
872 1061 909 1091 te
933 1061 1036 1104 peto,
1068 1052 1132 1090 des
1161 1064 1252 1102 ope-

137 1117 234 1153 ram,
254 1104 325 1157 (id,
345 1106 448 1157 quod
466 1106 562 1144 mihi
580 1106 794 1156 affirmasti)
813 1115 857 1146 ut
875 1115 926 1156 te,
947 1114 1035 1146 ante
1054 1106 1137 1145 Cal·
1155 1105 1248 1143 Jan.

137 1158 370 1211 ubicumque
385 1159 539 1211 erimus,
555 1160 675 1199 sistas.

348 1319 465 1373 (26.)
495 1319 708 1362 CICERO
735 1321 952 1362 ATTICO
982 1322 1023 1361 S.

189 1427 330 1467 Literae
346 1428 444 1467 mihi
461 1443 485 1468 a
502 1429 650 1478 Quinto
668 1430 782 1469 fratre
801 1443 889 1469 cum
909 1431 1077 1469 senatus·
1079 1430 1250 1469 consulto

133 1480 239 1531 quod
257 1480 304 1519 de
321 1494 384 1520 me
402 1490 457 1521 est
474 1483 635 1532 factum,
656 1484 781 1522 allatae
800 1492 902 1522 sunt.
930 1484 1064 1522 Mihi·
1054 1496 1094 1521 In
1119 1483 1250 1521 animo

136 1541 205 1582 oet,
219 1534 350 1585 legum
367 1536 548 1576 lationem
573 1546 811 1589 exspectare.
843 1546 893 1584 et,
915 1538 946 1575 si
964 1536 1248 1583 obtrectabitur,

137 1594 225 1625 utar
242 1588 462 1628 auctoritate
480 1594 657 1637 senatus3
683 1599 719 1629 et
733 1591 859 1643 potius
872 1591 964 1637 vita,
981 1603 1098 1642 quam
1110 1590 1250 1642 patria,

136 1642 280 1680 carebo
308 1642 389 1692 Tu,
410 1657 552 1695 quaeso,
571 1620 708 1684 festina
725 1645 774 1683 ad
789 1658 858 1683 nos
876 1645 1016 1683 venire.

350 1805 464 1855 (27.)
494 1804 708 1846 CICERO
737 1805 1014 1846 ATTICOS

186 1910 253 1949 Ex
277 1911 353 1950 tuis
369 1912 500 1962 literis,
522 1921 559 1952 et
581 1927 628 1952 ex
644 1927 685 1952 re
703 1914 802 1965 ipsa,
823 1926 892 1952 nos
913 1913 1086 1952 funditus
1106 1927 1248 1966 perisse

133 1963 254 2002 video.
293 1965 354 2004 Te
378 1979 462 2028 oro,
478 1977 536 2014 ut,
557 1967 697 2020 quibus
721 1969 761 2005 in
781 1969 892 2006 rebus
921 1967 997 2006 mei
1023 1967 1080 2005 tui
1099 1967 1246 2019 indige-

131 2018 280 2111 blant130
256 2019 392 2059 nostris
409 2020 568 2060 miseriis
582 2034 630 2060 ne
644 2021 753 2060 desis.
783 2022 870 2073 Ego
888 2029 940 2071 te,
959 2029 1003 2060 ut
1018 2021 1161 2070 scribis,
1177 2022 1251 2060 cito

133 2082 171 2108 vi
199 2084 218 2110 e
