<?xml version="1.0" encoding="UTF-8"?>
<!DOCTYPE html PUBLIC "-//W3C//DTD XHTML 1.0 Transitional//EN"
    "http://www.w3.org/TR/xhtml1/DTD/xhtml1-transitional.dtd">
<html xmlns="http://www.w3.org/1999/xhtml" xml:lang="en" lang="en">
 <head>
  <title>
</title>
<meta http-equiv="Content-Type" content="text/html;charset=utf-8" />
  <meta name='ocr-system' content='tesseract 3.04.00' />
  <meta name='ocr-capabilities' content='ocr_page ocr_carea ocr_par ocr_line ocrx_word'/>
</head>
<body>
  <div class='ocr_page' id='page_1' title='image "./operaern10ciceuoft_0075.png"; bbox 0 0 1513 2382; ppageno 0'>
   <div class='ocr_carea' id='block_1_1' title="bbox 258 85 1209 132">
    <p class='ocr_par' dir='ltr' id='par_1_1' title="bbox 258 85 1209 132">
     <span class='ocr_line' id='line_1_1' title="bbox 258 85 1209 132; baseline -0.002 -7"><span class='ocrx_word' id='word_1_1' title='bbox 258 86 341 125; x_wconf 92' lang='lat' dir='ltr'>AD</span> <span class='ocrx_word' id='word_1_2' title='bbox 372 85 668 127; x_wconf 89' lang='lat' dir='ltr'><strong>DIVERSOS.</strong></span> <span class='ocrx_word' id='word_1_3' title='bbox 696 86 796 126; x_wconf 78' lang='lat' dir='ltr'>Lm.</span> <span class='ocrx_word' id='word_1_4' title='bbox 827 86 954 125; x_wconf 93' lang='lat' dir='ltr'>XIII.</span> <span class='ocrx_word' id='word_1_5' title='bbox 981 87 1047 132; x_wconf 89' lang='grc'>77.</span> <span class='ocrx_word' id='word_1_6' title='bbox 1160 85 1209 123; x_wconf 83' lang='grc'>61</span> 
     </span>
    </p>
   </div>
   <div class='ocr_carea' id='block_1_2' title="bbox 98 190 1216 929">
    <p class='ocr_par' dir='ltr' id='par_1_2' title="bbox 98 190 1216 929">
     <span class='ocr_line' id='line_1_2' title="bbox 150 190 1215 246; baseline -0.002 -14"><span class='ocrx_word' id='word_1_7' title='bbox 150 192 290 233; x_wconf 88' lang='lat' dir='ltr'>Tantae</span> <span class='ocrx_word' id='word_1_8' title='bbox 307 194 404 233; x_wconf 90' lang='lat' dir='ltr'>mihi</span> <span class='ocrx_word' id='word_1_9' title='bbox 430 190 527 233; x_wconf 71' lang='lat' dir='ltr'>cum&#39;</span> <span class='ocrx_word' id='word_1_10' title='bbox 544 195 596 243; x_wconf 89' lang='lat' dir='ltr'>Q.</span> <span class='ocrx_word' id='word_1_11' title='bbox 617 194 765 246; x_wconf 86' lang='lat' dir='ltr'>Hippio</span> <span class='ocrx_word' id='word_1_12' title='bbox 783 207 905 233; x_wconf 89' lang='lat' dir='ltr'>causae</span> <span class='ocrx_word' id='word_1_13' title='bbox 930 191 1215 232; x_wconf 83' lang='lat' dir='ltr'>necessitudinis</span> 
     </span>
     <span class='ocr_line' id='line_1_3' title="bbox 99 246 1213 299; baseline -0.001 -14"><span class='ocrx_word' id='word_1_14' title='bbox 99 255 201 295; x_wconf 87' lang='lat' dir='ltr'>sunt,</span> <span class='ocrx_word' id='word_1_15' title='bbox 221 255 266 286; x_wconf 87' lang='lat' dir='ltr'>ut</span> <span class='ocrx_word' id='word_1_16' title='bbox 279 248 376 286; x_wconf 88' lang='lat' dir='ltr'>nihil</span> <span class='ocrx_word' id='word_1_17' title='bbox 393 248 510 299; x_wconf 83' lang='lat' dir='ltr'>possit</span> <span class='ocrx_word' id='word_1_18' title='bbox 528 261 606 286; x_wconf 88' lang='lat' dir='ltr'>esse</span> <span class='ocrx_word' id='word_1_19' title='bbox 623 248 876 297; x_wconf 84' lang='lat' dir='ltr'>conjunctius,</span> <span class='ocrx_word' id='word_1_20' title='bbox 893 261 1009 299; x_wconf 88' lang='lat' dir='ltr'>quam</span> <span class='ocrx_word' id='word_1_21' title='bbox 1029 259 1107 284; x_wconf 37' lang='lat' dir='ltr'>nos*</span> <span class='ocrx_word' id='word_1_22' title='bbox 1115 246 1213 285; x_wconf 89' lang='lat' dir='ltr'>inter</span> 
     </span>
     <span class='ocr_line' id='line_1_4' title="bbox 98 301 1213 349; baseline 0 -11"><span class='ocrx_word' id='word_1_23' title='bbox 98 312 168 339; x_wconf 90' lang='lat' dir='ltr'>nos</span> <span class='ocrx_word' id='word_1_24' title='bbox 186 314 329 340; x_wconf 92' lang='lat' dir='ltr'>sumus.</span> <span class='ocrx_word' id='word_1_25' title='bbox 371 301 489 349; x_wconf 86' lang='lat' dir='ltr'>Quod</span> <span class='ocrx_word' id='word_1_26' title='bbox 507 302 579 340; x_wconf 87' lang='lat' dir='ltr'>nisi</span> <span class='ocrx_word' id='word_1_27' title='bbox 596 302 650 339; x_wconf 86' lang='lat' dir='ltr'>ita</span> <span class='ocrx_word' id='word_1_28' title='bbox 668 309 775 346; x_wconf 87' lang='lat' dir='ltr'>esset,</span> <span class='ocrx_word' id='word_1_29' title='bbox 802 309 926 339; x_wconf 87' lang='lat' dir='ltr'>uterer</span> <span class='ocrx_word' id='word_1_30' title='bbox 950 301 1038 339; x_wconf 65' lang='lat' dir='ltr'>mea</span> <span class='ocrx_word' id='word_1_31' title='bbox 1057 313 1213 338; x_wconf 90' lang='lat' dir='ltr'>consue-</span> 
     </span>
     <span class='ocr_line' id='line_1_5' title="bbox 99 353 1212 402; baseline -0.001 -10"><span class='ocrx_word' id='word_1_32' title='bbox 99 354 244 402; x_wconf 85' lang='lat' dir='ltr'>tudine,</span> <span class='ocrx_word' id='word_1_33' title='bbox 265 363 308 393; x_wconf 91' lang='lat' dir='ltr'>ut</span> <span class='ocrx_word' id='word_1_34' title='bbox 326 355 433 393; x_wconf 88' lang='lat' dir='ltr'>vobis</span> <span class='ocrx_word' id='word_1_35' title='bbox 450 355 559 393; x_wconf 66' lang='lat' dir='ltr'>nulla</span> <span class='ocrx_word' id='word_1_36' title='bbox 577 355 617 392; x_wconf 88' lang='lat' dir='ltr'>in</span> <span class='ocrx_word' id='word_1_37' title='bbox 636 368 675 393; x_wconf 88' lang='lat' dir='ltr'>re</span> <span class='ocrx_word' id='word_1_38' title='bbox 694 356 875 393; x_wconf 89' lang='lat' dir='ltr'>molestus</span> <span class='ocrx_word' id='word_1_39' title='bbox 895 368 1026 393; x_wconf 89' lang='lat' dir='ltr'>essem.</span> <span class='ocrx_word' id='word_1_40' title='bbox 1052 353 1212 392; x_wconf 89' lang='lat' dir='ltr'>Etenim</span> 
     </span>
     <span class='ocr_line' id='line_1_6' title="bbox 98 408 1213 460; baseline -0.001 -15"><span class='ocrx_word' id='word_1_41' title='bbox 98 420 163 446; x_wconf 91' lang='lat' dir='ltr'>vos</span> <span class='ocrx_word' id='word_1_42' title='bbox 188 409 284 446; x_wconf 88' lang='lat' dir='ltr'>mihi</span> <span class='ocrx_word' id='word_1_43' title='bbox 313 409 449 460; x_wconf 85' lang='lat' dir='ltr'>optimi</span> <span class='ocrx_word' id='word_1_44' title='bbox 476 416 587 447; x_wconf 86' lang='lat' dir='ltr'>testes</span> <span class='ocrx_word' id='word_1_45' title='bbox 615 408 715 456; x_wconf 89' lang='lat' dir='ltr'>estis,</span> <span class='ocrx_word' id='word_1_46' title='bbox 747 421 835 447; x_wconf 89' lang='lat' dir='ltr'>cum</span> <span class='ocrx_word' id='word_1_47' title='bbox 863 408 960 446; x_wconf 88' lang='lat' dir='ltr'>mihi</span> <span class='ocrx_word' id='word_1_48' title='bbox 988 419 1213 460; x_wconf 87' lang='lat' dir='ltr'>persuasum</span> 
     </span>
     <span class='ocr_line' id='line_1_7' title="bbox 98 462 1209 514; baseline -0.002 -14"><span class='ocrx_word' id='word_1_49' title='bbox 98 470 206 509; x_wconf 86' lang='lat' dir='ltr'>esset,</span> <span class='ocrx_word' id='word_1_50' title='bbox 227 463 325 500; x_wconf 88' lang='lat' dir='ltr'>nihil</span> <span class='ocrx_word' id='word_1_51' title='bbox 343 476 435 510; x_wconf 88' lang='lat' dir='ltr'>esse,</span> <span class='ocrx_word' id='word_1_52' title='bbox 456 462 560 514; x_wconf 92' lang='lat' dir='ltr'>quod</span> <span class='ocrx_word' id='word_1_53' title='bbox 578 476 601 499; x_wconf 87' lang='lat' dir='ltr'>a</span> <span class='ocrx_word' id='word_1_54' title='bbox 618 462 724 500; x_wconf 87' lang='lat' dir='ltr'>vobis</span> <span class='ocrx_word' id='word_1_55' title='bbox 742 462 945 513; x_wconf 87' lang='lat' dir='ltr'>impetrare</span> <span class='ocrx_word' id='word_1_56' title='bbox 956 474 1033 500; x_wconf 88' lang='lat' dir='ltr'>non</span> <span class='ocrx_word' id='word_1_57' title='bbox 1045 473 1209 512; x_wconf 88' lang='lat' dir='ltr'>possem,</span> 
     </span>
     <span class='ocr_line' id='line_1_8' title="bbox 98 515 1213 566; baseline 0 -14"><span class='ocrx_word' id='word_1_58' title='bbox 98 526 298 566; x_wconf 88' lang='lat' dir='ltr'>nunquam</span> <span class='ocrx_word' id='word_1_59' title='bbox 317 529 380 553; x_wconf 90' lang='lat' dir='ltr'>me</span> <span class='ocrx_word' id='word_1_60' title='bbox 394 523 521 554; x_wconf 85' lang='lat' dir='ltr'>tamen</span> <span class='ocrx_word' id='word_1_61' title='bbox 539 529 694 566; x_wconf 88' lang='lat' dir='ltr'>gravem</span> <span class='ocrx_word' id='word_1_62' title='bbox 709 516 814 554; x_wconf 90' lang='lat' dir='ltr'>vobis</span> <span class='ocrx_word' id='word_1_63' title='bbox 833 529 910 554; x_wconf 90' lang='lat' dir='ltr'>esse</span> <span class='ocrx_word' id='word_1_64' title='bbox 929 516 1102 554; x_wconf 77' lang='lat' dir='ltr'>voluisse.</span> <span class='ocrx_word' id='word_1_65' title='bbox 1132 515 1172 553; x_wconf 88' lang='lat' dir='ltr'>V</span> <span class='ocrx_word' id='word_1_66' title='bbox 1174 527 1213 552; x_wconf 91' lang='lat' dir='ltr'>e-</span> 
     </span>
     <span class='ocr_line' id='line_1_9' title="bbox 98 567 1214 620; baseline 0 -14"><span class='ocrx_word' id='word_1_67' title='bbox 98 568 294 608; x_wconf 89' lang='lat' dir='ltr'>hementer</span> <span class='ocrx_word' id='word_1_68' title='bbox 311 569 428 620; x_wconf 86' lang='lat' dir='ltr'>igitur</span> <span class='ocrx_word' id='word_1_69' title='bbox 446 582 512 608; x_wconf 89' lang='lat' dir='ltr'>vos</span> <span class='ocrx_word' id='word_1_70' title='bbox 532 570 648 607; x_wconf 89' lang='lat' dir='ltr'>etiam</span> <span class='ocrx_word' id='word_1_71' title='bbox 674 577 788 620; x_wconf 88' lang='lat' dir='ltr'>atque</span> <span class='ocrx_word' id='word_1_72' title='bbox 807 569 922 607; x_wconf 81' lang='lat' dir='ltr'>etiam</span> <span class='ocrx_word' id='word_1_73' title='bbox 939 582 1046 620; x_wconf 83' lang='lat' dir='ltr'>rogo,</span> <span class='ocrx_word' id='word_1_74' title='bbox 1066 576 1124 616; x_wconf 86' lang='lat' dir='ltr'>ut,</span> <span class='ocrx_word' id='word_1_75' title='bbox 1143 567 1214 606; x_wconf 88' lang='lat' dir='ltr'>ho-</span> 
     </span>
     <span class='ocr_line' id='line_1_10' title="bbox 99 621 1215 673; baseline -0.001 -13"><span class='ocrx_word' id='word_1_76' title='bbox 99 622 200 660; x_wconf 85' lang='lat' dir='ltr'>noris</span> <span class='ocrx_word' id='word_1_77' title='bbox 229 623 306 661; x_wconf 88' lang='lat' dir='ltr'>mei</span> <span class='ocrx_word' id='word_1_78' title='bbox 336 623 463 671; x_wconf 67' lang='lat' dir='ltr'>causa,</span> <span class='ocrx_word' id='word_1_79' title='bbox 489 623 752 661; x_wconf 85' lang='lat' dir='ltr'>liberalissime</span> <span class='ocrx_word' id='word_1_80' title='bbox 774 623 819 661; x_wconf 86' lang='lat' dir='ltr'>C.</span> <span class='ocrx_word' id='word_1_81' title='bbox 840 623 1027 673; x_wconf 85' lang='lat' dir='ltr'>Valgium</span> <span class='ocrx_word' id='word_1_82' title='bbox 1046 621 1215 673; x_wconf 90' lang='lat' dir='ltr'>Hippia-</span> 
     </span>
     <span class='ocr_line' id='line_1_11' title="bbox 100 676 1215 728; baseline 0.001 -16"><span class='ocrx_word' id='word_1_83' title='bbox 100 688 195 713; x_wconf 90' lang='lat' dir='ltr'>num</span> <span class='ocrx_word' id='word_1_84' title='bbox 215 677 393 725; x_wconf 77' lang='lat' dir='ltr'>tractetis,</span> <span class='ocrx_word' id='word_1_85' title='bbox 423 689 581 728; x_wconf 89' lang='lat' dir='ltr'>remque</span> <span class='ocrx_word' id='word_1_86' title='bbox 599 690 688 715; x_wconf 90' lang='lat' dir='ltr'>cum</span> <span class='ocrx_word' id='word_1_87' title='bbox 708 690 751 715; x_wconf 93' lang='lat' dir='ltr'>eo</span> <span class='ocrx_word' id='word_1_88' title='bbox 770 676 988 724; x_wconf 87' lang='lat' dir='ltr'>conficiatis,</span> <span class='ocrx_word' id='word_1_89' title='bbox 1017 684 1075 723; x_wconf 89' lang='lat' dir='ltr'>ut,</span> <span class='ocrx_word' id='word_1_90' title='bbox 1096 688 1215 727; x_wconf 89' lang='lat' dir='ltr'>quam</span> 
     </span>
     <span class='ocr_line' id='line_1_12' title="bbox 100 730 1215 781; baseline -0.001 -14"><span class='ocrx_word' id='word_1_91' title='bbox 100 730 373 780; x_wconf 89' lang='lat' dir='ltr'>possessionem</span> <span class='ocrx_word' id='word_1_92' title='bbox 392 731 507 769; x_wconf 90' lang='lat' dir='ltr'>habet</span> <span class='ocrx_word' id='word_1_93' title='bbox 524 731 564 767; x_wconf 90' lang='lat' dir='ltr'>in</span> <span class='ocrx_word' id='word_1_94' title='bbox 584 743 674 781; x_wconf 86' lang='lat' dir='ltr'>agro</span> <span class='ocrx_word' id='word_1_95' title='bbox 693 730 932 781; x_wconf 85' lang='lat' dir='ltr'>Fregellano,</span> <span class='ocrx_word' id='word_1_96' title='bbox 962 743 985 768; x_wconf 89' lang='lat' dir='ltr'>a</span> <span class='ocrx_word' id='word_1_97' title='bbox 1002 730 1109 769; x_wconf 87' lang='lat' dir='ltr'>vobis</span> <span class='ocrx_word' id='word_1_98' title='bbox 1134 741 1215 767; x_wconf 91' lang='lat' dir='ltr'>em-</span> 
     </span>
     <span class='ocr_line' id='line_1_13' title="bbox 100 782 1214 835; baseline 0 -15"><span class='ocrx_word' id='word_1_99' title='bbox 100 790 195 829; x_wconf 86' lang='lat' dir='ltr'>tam,</span> <span class='ocrx_word' id='word_1_100' title='bbox 216 796 300 821; x_wconf 86' lang='lat' dir='ltr'>eam</span> <span class='ocrx_word' id='word_1_101' title='bbox 319 784 478 822; x_wconf 84' lang='lat' dir='ltr'>liberam</span> <span class='ocrx_word' id='word_1_102' title='bbox 497 791 533 822; x_wconf 93' lang='lat' dir='ltr'>et</span> <span class='ocrx_word' id='word_1_103' title='bbox 555 783 769 822; x_wconf 89' lang='lat' dir='ltr'>immunem</span> <span class='ocrx_word' id='word_1_104' title='bbox 791 784 929 822; x_wconf 87' lang='lat' dir='ltr'>habere</span> <span class='ocrx_word' id='word_1_105' title='bbox 956 783 1085 835; x_wconf 90' lang='lat' dir='ltr'>possit.</span> <span class='ocrx_word' id='word_1_106' title='bbox 1116 783 1165 821; x_wconf 91' lang='lat' dir='ltr'>Id</span> <span class='ocrx_word' id='word_1_107' title='bbox 1183 782 1214 820; x_wconf 91' lang='lat' dir='ltr'>si</span> 
     </span>
     <span class='ocr_line' id='line_1_14' title="bbox 100 836 1216 887; baseline 0.001 -13"><span class='ocrx_word' id='word_1_108' title='bbox 100 849 123 874; x_wconf 86' lang='lat' dir='ltr'>a</span> <span class='ocrx_word' id='word_1_109' title='bbox 142 837 247 875; x_wconf 89' lang='lat' dir='ltr'>vobis</span> <span class='ocrx_word' id='word_1_110' title='bbox 267 836 486 887; x_wconf 67' lang='lat' dir='ltr'>impetraro,</span> <span class='ocrx_word' id='word_1_111' title='bbox 507 850 658 876; x_wconf 91' lang='lat' dir='ltr'>summo</span> <span class='ocrx_word' id='word_1_112' title='bbox 676 850 739 875; x_wconf 92' lang='lat' dir='ltr'>me</span> <span class='ocrx_word' id='word_1_113' title='bbox 760 837 942 876; x_wconf 88' lang='lat' dir='ltr'>beneficio</span> <span class='ocrx_word' id='word_1_114' title='bbox 961 845 1082 876; x_wconf 89' lang='lat' dir='ltr'>vestro</span> <span class='ocrx_word' id='word_1_115' title='bbox 1101 836 1216 875; x_wconf 85' lang='lat' dir='ltr'>affec-</span> 
     </span>
     <span class='ocr_line' id='line_1_15' title="bbox 98 891 422 929; baseline 0.006 -2"><span class='ocrx_word' id='word_1_116' title='bbox 98 897 183 928; x_wconf 90' lang='lat' dir='ltr'>tum</span> <span class='ocrx_word' id='word_1_117' title='bbox 201 891 422 929; x_wconf 87' lang='lat' dir='ltr'>arbitrabor.</span> 
     </span>
    </p>
   </div>
   <div class='ocr_carea' id='block_1_3' title="bbox 155 1047 1157 1099">
    <p class='ocr_par' dir='ltr' id='par_1_3' title="bbox 155 1047 1157 1099">
     <span class='ocr_line' id='line_1_16' title="bbox 155 1047 1157 1099; baseline -0.003 -9"><span class='ocrx_word' id='word_1_118' title='bbox 155 1047 270 1095; x_wconf 89' lang='lat'>(77.)</span> <span class='ocrx_word' id='word_1_119' title='bbox 300 1048 362 1087; x_wconf 86' lang='lat' dir='ltr'>M.</span> <span class='ocrx_word' id='word_1_120' title='bbox 377 1048 431 1088; x_wconf 91' lang='grc' dir='ltr'>Τ.</span> <span class='ocrx_word' id='word_1_121' title='bbox 446 1049 491 1088; x_wconf 87' lang='lat' dir='ltr'>C.</span> <span class='ocrx_word' id='word_1_122' title='bbox 522 1050 568 1088; x_wconf 91' lang='lat' dir='ltr'>P.</span> <span class='ocrx_word' id='word_1_123' title='bbox 589 1049 870 1099; x_wconf 88' lang='lat' dir='ltr'>SULPICIO,</span> <span class='ocrx_word' id='word_1_124' title='bbox 901 1050 1022 1088; x_wconf 85' lang='lat' dir='ltr'><strong>IMP.</strong></span> <span class='ocrx_word' id='word_1_125' title='bbox 1052 1049 1090 1088; x_wconf 91' lang='lat' dir='ltr'>S.</span> <span class='ocrx_word' id='word_1_126' title='bbox 1104 1048 1157 1087; x_wconf 89' lang='lat' dir='ltr'>D.</span> 
     </span>
    </p>
   </div>
   <div class='ocr_carea' id='block_1_4' title="bbox 99 1155 1213 1316">
    <p class='ocr_par' dir='ltr' id='par_1_4' title="bbox 99 1155 1213 1316">
     <span class='ocr_line' id='line_1_17' title="bbox 152 1155 1213 1208; baseline 0.002 -15"><span class='ocrx_word' id='word_1_127' title='bbox 152 1155 474 1205; x_wconf 75' lang='lat' dir='ltr'>(Argumentum,</span> <span class='ocrx_word' id='word_1_128' title='bbox 486 1180 540 1185; x_wconf 89' lang='lat'>—</span> <span class='ocrx_word' id='word_1_129' title='bbox 555 1155 694 1195; x_wconf 87' lang='lat' dir='ltr'>Officio</span> <span class='ocrx_word' id='word_1_130' title='bbox 713 1169 781 1195; x_wconf 90' lang='lat' dir='ltr'>suo</span> <span class='ocrx_word' id='word_1_131' title='bbox 799 1155 839 1193; x_wconf 91' lang='lat' dir='ltr'>in</span> <span class='ocrx_word' id='word_1_132' title='bbox 855 1156 1129 1208; x_wconf 83' lang='lat' dir='ltr'>supplicatione</span> <span class='ocrx_word' id='word_1_133' title='bbox 1147 1157 1213 1195; x_wconf 90' lang='lat' dir='ltr'>de-</span> 
     </span>
     <span class='ocr_line' id='line_1_18' title="bbox 99 1208 1212 1259; baseline 0.001 -12"><span class='ocrx_word' id='word_1_134' title='bbox 99 1208 283 1247; x_wconf 71' lang='lat' dir='ltr'>cernenda</span> <span class='ocrx_word' id='word_1_135' title='bbox 301 1219 466 1259; x_wconf 87' lang='lat' dir='ltr'>narrato,</span> <span class='ocrx_word' id='word_1_136' title='bbox 496 1210 737 1249; x_wconf 88' lang='lat' dir='ltr'>commendat</span> <span class='ocrx_word' id='word_1_137' title='bbox 761 1210 823 1247; x_wconf 89' lang='lat' dir='ltr'>M.</span> <span class='ocrx_word' id='word_1_138' title='bbox 843 1210 1064 1256; x_wconf 82' lang='lat' dir='ltr'>Bolanum3</span> <span class='ocrx_word' id='word_1_139' title='bbox 1095 1218 1146 1259; x_wconf 88' lang='lat' dir='ltr'>et,</span> <span class='ocrx_word' id='word_1_140' title='bbox 1166 1217 1212 1248; x_wconf 90' lang='lat' dir='ltr'>ut</span> 
     </span>
     <span class='ocr_line' id='line_1_19' title="bbox 102 1263 1132 1316; baseline 0.001 -15"><span class='ocrx_word' id='word_1_141' title='bbox 102 1276 254 1301; x_wconf 90' lang='lat' dir='ltr'>servum</span> <span class='ocrx_word' id='word_1_142' title='bbox 271 1263 480 1315; x_wconf 88' lang='lat' dir='ltr'>fugitivum</span> <span class='ocrx_word' id='word_1_143' title='bbox 499 1264 646 1302; x_wconf 83' lang='lat' dir='ltr'>restitui</span> <span class='ocrx_word' id='word_1_144' title='bbox 664 1270 782 1313; x_wconf 83' lang='lat' dir='ltr'>curet,</span> <span class='ocrx_word' id='word_1_145' title='bbox 802 1271 974 1303; x_wconf 88' lang='lat' dir='ltr'>amanter</span> <span class='ocrx_word' id='word_1_146' title='bbox 990 1271 1132 1316; x_wconf 84' lang='lat' dir='ltr'>rogat.)</span> 
     </span>
    </p>
   </div>
   <div class='ocr_carea' id='block_1_5' title="bbox 600 1343 708 1351">
    <p class='ocr_par' dir='ltr' id='par_1_5' title="bbox 600 1343 708 1351">
     <span class='ocr_line' id='line_1_20' title="bbox 600 1343 708 1351; baseline 0 0"><span class='ocrx_word' id='word_1_147' title='bbox 600 1343 708 1351; x_wconf 95' lang='lat' dir='ltr'> </span> 
     </span>
    </p>
   </div>
   <div class='ocr_carea' id='block_1_6' title="bbox 97 1370 1219 2227">
    <p class='ocr_par' dir='ltr' id='par_1_6' title="bbox 97 1370 1215 1905">
     <span class='ocr_line' id='line_1_21' title="bbox 151 1370 1215 1424; baseline 0.002 -15"><span class='ocrx_word' id='word_1_148' title='bbox 151 1370 253 1409; x_wconf 89' lang='lat' dir='ltr'>Cum</span> <span class='ocrx_word' id='word_1_149' title='bbox 272 1371 331 1410; x_wconf 88' lang='lat' dir='ltr'>his</span> <span class='ocrx_word' id='word_1_150' title='bbox 350 1372 584 1424; x_wconf 89' lang='lat' dir='ltr'>temporibus</span> <span class='ocrx_word' id='word_1_151' title='bbox 603 1384 680 1410; x_wconf 92' lang='lat' dir='ltr'>non</span> <span class='ocrx_word' id='word_1_152' title='bbox 699 1384 788 1410; x_wconf 89' lang='lat' dir='ltr'>sane</span> <span class='ocrx_word' id='word_1_153' title='bbox 805 1371 846 1409; x_wconf 89' lang='lat' dir='ltr'>in</span> <span class='ocrx_word' id='word_1_154' title='bbox 861 1378 1035 1410; x_wconf 86' lang='lat' dir='ltr'>senatum</span> <span class='ocrx_word' id='word_1_155' title='bbox 1053 1371 1215 1411; x_wconf 86' lang='lat' dir='ltr'>ventita-</span> 
     </span>
     <span class='ocr_line' id='line_1_22' title="bbox 97 1425 1209 1476; baseline 0.002 -14"><span class='ocrx_word' id='word_1_156' title='bbox 97 1437 204 1470; x_wconf 87' lang='lat' dir='ltr'>rem;</span> <span class='ocrx_word' id='word_1_157' title='bbox 225 1432 368 1473; x_wconf 84' lang='lat' dir='ltr'>tamen,</span> <span class='ocrx_word' id='word_1_158' title='bbox 387 1434 432 1464; x_wconf 89' lang='lat' dir='ltr'>ut</span> <span class='ocrx_word' id='word_1_159' title='bbox 450 1434 535 1464; x_wconf 86' lang='lat' dir='ltr'>tuas</span> <span class='ocrx_word' id='word_1_160' title='bbox 552 1426 679 1464; x_wconf 85' lang='lat' dir='ltr'>literas</span> <span class='ocrx_word' id='word_1_161' title='bbox 696 1425 786 1476; x_wconf 85' lang='lat' dir='ltr'>legi,</span> <span class='ocrx_word' id='word_1_162' title='bbox 800 1437 877 1463; x_wconf 91' lang='lat' dir='ltr'>non</span> <span class='ocrx_word' id='word_1_163' title='bbox 890 1425 1117 1473; x_wconf 85' lang='lat' dir='ltr'>existimavi,</span> <span class='ocrx_word' id='word_1_164' title='bbox 1131 1438 1209 1474; x_wconf 90' lang='lat' dir='ltr'>me,</span> 
     </span>
     <span class='ocr_line' id='line_1_23' title="bbox 98 1479 1213 1530; baseline 0.002 -15"><span class='ocrx_word' id='word_1_165' title='bbox 98 1479 202 1516; x_wconf 89' lang='lat' dir='ltr'>salvo</span> <span class='ocrx_word' id='word_1_166' title='bbox 226 1479 312 1528; x_wconf 89' lang='lat' dir='ltr'>jure</span> <span class='ocrx_word' id='word_1_167' title='bbox 330 1488 467 1518; x_wconf 82' lang='lat' dir='ltr'>nostrae</span> <span class='ocrx_word' id='word_1_168' title='bbox 486 1480 618 1518; x_wconf 88' lang='lat' dir='ltr'>veteris</span> <span class='ocrx_word' id='word_1_169' title='bbox 637 1479 826 1527; x_wconf 86' lang='lat' dir='ltr'>amicitiae,</span> <span class='ocrx_word' id='word_1_170' title='bbox 845 1479 1134 1530; x_wconf 88' lang='lat' dir='ltr'>multorumque</span> <span class='ocrx_word' id='word_1_171' title='bbox 1151 1479 1213 1517; x_wconf 90' lang='lat' dir='ltr'>in-</span> 
     </span>
     <span class='ocr_line' id='line_1_24' title="bbox 97 1531 1213 1585; baseline 0.002 -16"><span class='ocrx_word' id='word_1_172' title='bbox 97 1538 154 1570; x_wconf 88' lang='lat' dir='ltr'>ter</span> <span class='ocrx_word' id='word_1_173' title='bbox 171 1544 240 1570; x_wconf 92' lang='lat' dir='ltr'>nos</span> <span class='ocrx_word' id='word_1_174' title='bbox 259 1533 482 1581; x_wconf 85' lang='lat' dir='ltr'>officiorum,</span> <span class='ocrx_word' id='word_1_175' title='bbox 510 1534 630 1571; x_wconf 85' lang='lat' dir='ltr'>facere</span> <span class='ocrx_word' id='word_1_176' title='bbox 654 1543 776 1585; x_wconf 89' lang='lat' dir='ltr'>posse,</span> <span class='ocrx_word' id='word_1_177' title='bbox 805 1540 849 1571; x_wconf 90' lang='lat' dir='ltr'>ut</span> <span class='ocrx_word' id='word_1_178' title='bbox 870 1531 1004 1571; x_wconf 89' lang='lat' dir='ltr'>honori</span> <span class='ocrx_word' id='word_1_179' title='bbox 1023 1540 1089 1571; x_wconf 86' lang='lat' dir='ltr'>tuo</span> <span class='ocrx_word' id='word_1_180' title='bbox 1107 1532 1213 1571; x_wconf 88' lang='lat' dir='ltr'>dees-</span> 
     </span>
     <span class='ocr_line' id='line_1_25' title="bbox 99 1585 1214 1638; baseline 0.001 -15"><span class='ocrx_word' id='word_1_181' title='bbox 99 1598 191 1624; x_wconf 88' lang='lat' dir='ltr'>sem.</span> <span class='ocrx_word' id='word_1_182' title='bbox 212 1585 350 1638; x_wconf 85' lang='lat' dir='ltr'>Itaque</span> <span class='ocrx_word' id='word_1_183' title='bbox 363 1587 471 1636; x_wconf 85' lang='lat' dir='ltr'>affui,</span> <span class='ocrx_word' id='word_1_184' title='bbox 488 1587 879 1638; x_wconf 86' lang='lat' dir='ltr'>supplicationemque</span> <span class='ocrx_word' id='word_1_185' title='bbox 893 1586 963 1624; x_wconf 90' lang='lat' dir='ltr'>tibi</span> <span class='ocrx_word' id='word_1_186' title='bbox 973 1587 1134 1624; x_wconf 86' lang='lat' dir='ltr'>libenter</span> <span class='ocrx_word' id='word_1_187' title='bbox 1147 1586 1214 1624; x_wconf 91' lang='lat' dir='ltr'>de-</span> 
     </span>
     <span class='ocr_line' id='line_1_26' title="bbox 99 1639 1212 1693; baseline 0 -16"><span class='ocrx_word' id='word_1_188' title='bbox 99 1639 216 1677; x_wconf 89' lang='lat' dir='ltr'>crevi:</span> <span class='ocrx_word' id='word_1_189' title='bbox 231 1652 313 1687; x_wconf 88' lang='lat' dir='ltr'>nec,</span> <span class='ocrx_word' id='word_1_190' title='bbox 329 1640 475 1693; x_wconf 90' lang='lat' dir='ltr'>reliquo</span> <span class='ocrx_word' id='word_1_191' title='bbox 486 1647 656 1692; x_wconf 83' lang='lat' dir='ltr'>tempore</span> <span class='ocrx_word' id='word_1_192' title='bbox 672 1641 767 1689; x_wconf 83' lang='lat' dir='ltr'>ullo,</span> <span class='ocrx_word' id='word_1_193' title='bbox 781 1647 848 1678; x_wconf 86' lang='lat' dir='ltr'>aut</span> <span class='ocrx_word' id='word_1_194' title='bbox 861 1639 915 1678; x_wconf 88' lang='lat' dir='ltr'>rei</span> <span class='ocrx_word' id='word_1_195' title='bbox 933 1647 1000 1678; x_wconf 83' lang='lat' dir='ltr'>aut</span> <span class='ocrx_word' id='word_1_196' title='bbox 1018 1639 1212 1678; x_wconf 83' lang='lat' dir='ltr'>existima-</span> 
     </span>
     <span class='ocr_line' id='line_1_27' title="bbox 98 1693 1214 1745; baseline 0.002 -15"><span class='ocrx_word' id='word_1_197' title='bbox 98 1693 193 1730; x_wconf 89' lang='lat' dir='ltr'>tioni</span> <span class='ocrx_word' id='word_1_198' title='bbox 211 1700 278 1731; x_wconf 87' lang='lat' dir='ltr'>aut</span> <span class='ocrx_word' id='word_1_199' title='bbox 295 1693 470 1744; x_wconf 79' lang='lat' dir='ltr'>dignitati</span> <span class='ocrx_word' id='word_1_200' title='bbox 488 1701 564 1732; x_wconf 82' lang='lat' dir='ltr'>tuae</span> <span class='ocrx_word' id='word_1_201' title='bbox 582 1694 704 1732; x_wconf 83' lang='lat' dir='ltr'>deero.</span> <span class='ocrx_word' id='word_1_202' title='bbox 743 1697 891 1745; x_wconf 89' lang='lat' dir='ltr'>Atque,</span> <span class='ocrx_word' id='word_1_203' title='bbox 911 1693 983 1731; x_wconf 89' lang='lat' dir='ltr'>hoc</span> <span class='ocrx_word' id='word_1_204' title='bbox 1007 1700 1052 1731; x_wconf 84' lang='lat' dir='ltr'>ut</span> <span class='ocrx_word' id='word_1_205' title='bbox 1070 1693 1127 1730; x_wconf 90' lang='lat' dir='ltr'>tui</span> <span class='ocrx_word' id='word_1_206' title='bbox 1145 1705 1214 1732; x_wconf 89' lang='lat' dir='ltr'>ne-</span> 
     </span>
     <span class='ocr_line' id='line_1_28' title="bbox 100 1746 1214 1807; baseline 0.001 -22"><span class='ocrx_word' id='word_1_207' title='bbox 100 1747 247 1785; x_wconf 87' lang='lat' dir='ltr'>cessarii</span> <span class='ocrx_word' id='word_1_208' title='bbox 265 1747 397 1794; x_wconf 87' lang='lat' dir='ltr'>sciant,</span> <span class='ocrx_word' id='word_1_209' title='bbox 417 1748 489 1787; x_wconf 90' lang='lat' dir='ltr'>hoc</span> <span class='ocrx_word' id='word_1_210' title='bbox 505 1761 568 1786; x_wconf 90' lang='lat' dir='ltr'>me</span> <span class='ocrx_word' id='word_1_211' title='bbox 587 1748 716 1786; x_wconf 87' lang='lat' dir='ltr'>animo</span> <span class='ocrx_word' id='word_1_212' title='bbox 735 1761 823 1807; x_wconf 79' lang='lat' dir='ltr'>erga</span> <span class='ocrx_word' id='word_1_213' title='bbox 849 1758 887 1785; x_wconf 89' lang='lat' dir='ltr'>te</span> <span class='ocrx_word' id='word_1_214' title='bbox 909 1760 1001 1793; x_wconf 89' lang='lat' dir='ltr'>esse,</span> <span class='ocrx_word' id='word_1_215' title='bbox 1021 1746 1136 1784; x_wconf 87' lang='lat' dir='ltr'>velim</span> <span class='ocrx_word' id='word_1_216' title='bbox 1154 1747 1214 1786; x_wconf 87' lang='lat' dir='ltr'>fa-</span> 
     </span>
     <span class='ocr_line' id='line_1_29' title="bbox 99 1799 1211 1852; baseline 0.001 -14"><span class='ocrx_word' id='word_1_217' title='bbox 99 1799 175 1838; x_wconf 90' lang='lat' dir='ltr'>cias</span> <span class='ocrx_word' id='word_1_218' title='bbox 194 1813 255 1839; x_wconf 93' lang='lat' dir='ltr'>eos</span> <span class='ocrx_word' id='word_1_219' title='bbox 273 1814 340 1852; x_wconf 90' lang='lat' dir='ltr'>per</span> <span class='ocrx_word' id='word_1_220' title='bbox 358 1801 484 1840; x_wconf 87' lang='lat' dir='ltr'>literas</span> <span class='ocrx_word' id='word_1_221' title='bbox 499 1801 684 1848; x_wconf 86' lang='lat' dir='ltr'>certiores,</span> <span class='ocrx_word' id='word_1_222' title='bbox 704 1809 762 1849; x_wconf 91' lang='lat' dir='ltr'>ut,</span> <span class='ocrx_word' id='word_1_223' title='bbox 783 1801 813 1839; x_wconf 94' lang='lat' dir='ltr'>si</span> <span class='ocrx_word' id='word_1_224' title='bbox 832 1800 926 1851; x_wconf 90' lang='lat' dir='ltr'>quid</span> <span class='ocrx_word' id='word_1_225' title='bbox 944 1799 1014 1838; x_wconf 88' lang='lat' dir='ltr'>tibi</span> <span class='ocrx_word' id='word_1_226' title='bbox 1032 1812 1130 1852; x_wconf 90' lang='lat' dir='ltr'>opus</span> <span class='ocrx_word' id='word_1_227' title='bbox 1148 1799 1211 1850; x_wconf 85' lang='lat' dir='ltr'>sit,</span> 
     </span>
     <span class='ocr_line' id='line_1_30' title="bbox 100 1854 895 1905; baseline 0 -13"><span class='ocrx_word' id='word_1_228' title='bbox 100 1865 148 1891; x_wconf 86' lang='lat' dir='ltr'>ne</span> <span class='ocrx_word' id='word_1_229' title='bbox 166 1854 341 1893; x_wconf 85' lang='lat' dir='ltr'>dubitent</span> <span class='ocrx_word' id='word_1_230' title='bbox 358 1855 485 1893; x_wconf 84' lang='lat' dir='ltr'>mihi·</span> <span class='ocrx_word' id='word_1_231' title='bbox 470 1868 557 1905; x_wconf 85' lang='lat' dir='ltr'>Jure</span> <span class='ocrx_word' id='word_1_232' title='bbox 575 1868 644 1893; x_wconf 92' lang='lat' dir='ltr'>suo</span> <span class='ocrx_word' id='word_1_233' title='bbox 662 1855 895 1893; x_wconf 82' lang='lat' dir='ltr'>denuntiare.</span> 
     </span>
    </p>

    <p class='ocr_par' dir='ltr' id='par_1_7' title="bbox 100 1907 1219 2175">
     <span class='ocr_line' id='line_1_31' title="bbox 154 1907 1215 1956; baseline -0.001 -11"><span class='ocrx_word' id='word_1_234' title='bbox 154 1907 217 1946; x_wconf 88' lang='lat' dir='ltr'>M.</span> <span class='ocrx_word' id='word_1_235' title='bbox 236 1908 446 1956; x_wconf 84' lang='lat' dir='ltr'>Bolanum,</span> <span class='ocrx_word' id='word_1_236' title='bbox 466 1909 592 1947; x_wconf 88' lang='lat' dir='ltr'>virum</span> <span class='ocrx_word' id='word_1_237' title='bbox 617 1911 763 1947; x_wconf 89' lang='lat' dir='ltr'>bonum</span> <span class='ocrx_word' id='word_1_238' title='bbox 788 1915 825 1946; x_wconf 88' lang='lat' dir='ltr'>et</span> <span class='ocrx_word' id='word_1_239' title='bbox 846 1907 997 1955; x_wconf 86' lang='lat' dir='ltr'>fortem,</span> <span class='ocrx_word' id='word_1_240' title='bbox 1025 1914 1063 1946; x_wconf 88' lang='lat' dir='ltr'>et</span> <span class='ocrx_word' id='word_1_241' title='bbox 1089 1907 1215 1946; x_wconf 85' lang='lat' dir='ltr'>omni-</span> 
     </span>
     <span class='ocr_line' id='line_1_32' title="bbox 100 1961 1217 2014; baseline 0 -15"><span class='ocrx_word' id='word_1_242' title='bbox 100 1961 173 1999; x_wconf 89' lang='lat' dir='ltr'>bus</span> <span class='ocrx_word' id='word_1_243' title='bbox 187 1962 300 2000; x_wconf 91' lang='lat' dir='ltr'>rebus</span> <span class='ocrx_word' id='word_1_244' title='bbox 318 1970 510 2011; x_wconf 81' lang='lat' dir='ltr'>ornatum,</span> <span class='ocrx_word' id='word_1_245' title='bbox 529 1975 737 2014; x_wconf 88' lang='lat' dir='ltr'>meumque</span> <span class='ocrx_word' id='word_1_246' title='bbox 755 1968 918 2000; x_wconf 87' lang='lat' dir='ltr'>veterem</span> <span class='ocrx_word' id='word_1_247' title='bbox 943 1961 1126 2009; x_wconf 87' lang='lat' dir='ltr'>amicum,</span> <span class='ocrx_word' id='word_1_248' title='bbox 1145 1961 1217 1999; x_wconf 88' lang='lat' dir='ltr'>tibi</span> 
     </span>
     <span class='ocr_line' id='line_1_33' title="bbox 103 2013 1219 2067; baseline 0 -15"><span class='ocrx_word' id='word_1_249' title='bbox 103 2027 332 2067; x_wconf 85' lang='lat' dir='ltr'>magnopere</span> <span class='ocrx_word' id='word_1_250' title='bbox 361 2016 598 2055; x_wconf 84' lang='lat' dir='ltr'>commendo.</span> <span class='ocrx_word' id='word_1_251' title='bbox 625 2016 852 2067; x_wconf 88' lang='lat' dir='ltr'>Pergratum</span> <span class='ocrx_word' id='word_1_252' title='bbox 884 2013 981 2052; x_wconf 87' lang='lat' dir='ltr'>mihi</span> <span class='ocrx_word' id='word_1_253' title='bbox 1009 2014 1154 2062; x_wconf 89' lang='lat' dir='ltr'>feceris,</span> <span class='ocrx_word' id='word_1_254' title='bbox 1184 2014 1219 2052; x_wconf 91' lang='lat' dir='ltr'>si</span> 
     </span>
     <span class='ocr_line' id='line_1_34' title="bbox 102 2067 1217 2122; baseline 0 -16"><span class='ocrx_word' id='word_1_255' title='bbox 102 2069 244 2107; x_wconf 83' lang='lat' dir='ltr'>curaris</span> <span class='ocrx_word' id='word_1_256' title='bbox 275 2077 320 2107; x_wconf 91' lang='lat' dir='ltr'>ut</span> <span class='ocrx_word' id='word_1_257' title='bbox 338 2069 370 2108; x_wconf 89' lang='lat' dir='ltr'>is</span> <span class='ocrx_word' id='word_1_258' title='bbox 395 2070 598 2122; x_wconf 87' lang='lat' dir='ltr'>intelligat,</span> <span class='ocrx_word' id='word_1_259' title='bbox 623 2069 723 2108; x_wconf 89' lang='lat' dir='ltr'>hanc</span> <span class='ocrx_word' id='word_1_260' title='bbox 748 2068 1115 2108; x_wconf 86' lang='lat' dir='ltr'>commendationem</span> <span class='ocrx_word' id='word_1_261' title='bbox 1143 2067 1217 2106; x_wconf 91' lang='lat' dir='ltr'>sibi</span> 
     </span>
     <span class='ocr_line' id='line_1_35' title="bbox 103 2122 1216 2175; baseline 0 -15"><span class='ocrx_word' id='word_1_262' title='bbox 103 2133 244 2173; x_wconf 88' lang='lat' dir='ltr'>magno</span> <span class='ocrx_word' id='word_1_263' title='bbox 261 2123 483 2173; x_wconf 82' lang='lat' dir='ltr'>adjumento</span> <span class='ocrx_word' id='word_1_264' title='bbox 499 2124 625 2166; x_wconf 80' lang='lat' dir='ltr'>fuisse.</span> <span class='ocrx_word' id='word_1_265' title='bbox 656 2124 868 2175; x_wconf 86' lang='lat' dir='ltr'>Ipsumque</span> <span class='ocrx_word' id='word_1_266' title='bbox 881 2122 1007 2162; x_wconf 88' lang='lat' dir='ltr'>virum</span> <span class='ocrx_word' id='word_1_267' title='bbox 1025 2122 1216 2174; x_wconf 82' lang='lat' dir='ltr'>optimum</span> 
     </span>
    </p>

    <p class='ocr_par' dir='ltr' id='par_1_8' title="bbox 157 2177 945 2227">
     <span class='ocr_line' id='line_1_36' title="bbox 157 2177 945 2227; baseline 0 -14"><span class='ocrx_word' id='word_1_268' title='bbox 157 2177 324 2227; x_wconf 66' lang='lat' dir='ltr'>(Epist.)</span> <span class='ocrx_word' id='word_1_269' title='bbox 344 2187 448 2216; x_wconf 70' lang='lat' dir='ltr'>vor„</span> <span class='ocrx_word' id='word_1_270' title='bbox 470 2188 522 2216; x_wconf 75' lang='lat'>11.</span> <span class='ocrx_word' id='word_1_271' title='bbox 919 2187 945 2213; x_wconf 80' lang='lat' dir='ltr'>e.</span> 
     </span>
    </p>
   </div>
  </div>
 </body>
</html>
