1513 2382
199 110 247 163 12
356 110 438 149 AD
468 109 763 150 DIVERSOS.
795 110 895 149 LIB.
915 110 1041 150 XIII.
1075 111 1136 149 10.

195 230 290 257 num
302 230 452 269 genere,
465 231 553 271 pars
567 227 623 257 est
632 218 804 257 maxima
815 218 1011 271 civitatis]
1040 218 1200 256 Constat
1210 216 1312 254 enim

195 286 243 311 ex
276 273 418 311 caeteris
447 273 712 311 societatibus:
744 282 781 310 et
809 286 898 311 casu
924 271 1107 324 permulti
1142 277 1231 310 sunt
1269 271 1310 308 in

195 327 240 364 e*a
258 327 432 365 societate
459 327 569 365 valde
597 327 693 364 mihi
716 326 937 375 familiares,
964 327 1004 364 in
1030 325 1243 378 primisque
1261 324 1308 371 iS,

194 381 304 430 cujus
331 381 570 432 praeeipuum
601 380 771 419 officium
802 381 928 431 agitur
952 380 1024 418 hoc
1050 387 1234 430 ternpore,
1261 379 1309 416 P.

194 434 391 486 Rupilius,
423 435 470 473 P.
501 435 547 472 F.
579 434 780 482 Menenia,
813 434 882 486 qui
910 441 966 472 est
990 434 1172 486 magister
1199 433 1241 472 in
1266 432 1313 470 ea

195 496 383 526 societate.

245 541 348 590 Quae
369 555 458 580 cum
477 542 531 580 ita
549 542 639 589 sint,
658 542 699 580 in
716 542 903 591 majorem
920 542 1082 581 modurn
1110 554 1133 578 a
1150 548 1189 579 te
1205 546 1310 591 peto,

192 595 266 634 Cn.
287 596 474 647 Pupium,
495 596 564 648 qui
583 603 638 634 est
662 597 702 634 in
722 596 844 646 operis
864 597 946 646 ejus
966 595 1164 644 societatis,
1185 594 1312 633 omni-

191 651 264 688 bus
282 650 358 688 tuis
380 649 511 688 officiis
534 658 649 702 atque
671 650 777 688 omni
801 650 1027 688 liberalitate
1053 656 1213 694 tueare3
1243 661 1312 686 cu-

191 716 339 755 resque,
370 711 415 741 ut
448 705 529 753 ejus
557 717 682 755 operae
714 704 835 754 (quod
864 703 1074 742 tibifacile
1102 702 1206 740 factu
1235 708 1310 749 est)

193 771 311 809 quam
332 757 555 808 gratissimae
591 758 668 796 sint
693 757 827 795 sociis:
857 770 1016 808 remque
1043 764 1081 794 et
1101 756 1310 794 utilitatem

188 812 378 849 sociorum
413 812 545 863 (cujus
578 811 632 848 rei
662 817 848 862 quantam
887 817 1115 861 potestatem
1146 817 1312 860 quaestor

190 865 342 912 habeat,
363 877 440 902 non
467 877 553 902 sum
571 863 747 915 ignarus)
772 877 839 915 per
858 872 896 902 te
921 877 1039 916 quam
1056 864 1228 901 maxime
1245 863 1312 902 dez

188 919 335 956 sensam
358 925 396 956 et
423 925 575 956 auctam
601 917 706 957 velis.
740 918 790 956 Id
811 931 901 957 cum
927 917 1025 955 mihi
1049 917 1310 968 gratissimum

189 972 333 1019 feceris,
354 979 439 1009 tum
457 972 557 1010 illud
575 972 645 1010 tibi
664 979 843 1023 expertus
861 971 1048 1024 promitto
1067 978 1106 1010 et
1127 971 1309 1023 Sponden,

189 1034 227 1065 te
245 1026 360 1064 socios
379 1025 589 1077 Bithyniae,
614 1026 646 1064 si
662 1026 709 1064 iis
727 1025 996 1075 commodaris,
1017 1038 1207 1065 memores
1232 1037 1311 1064 esse

191 1088 228 1119 et
245 1087 371 1131 gratos
389 1080 644 1132 cogniturum.
674 1080 786 1119 Vale.

418 1241 539 1295 (10.)
569 1242 781 1284 CICERO
810 1242 1011 1284 BRUTO
1039 1245 1079 1284 S.

245 1349 570 1401 (Argumentum.
595 1374 650 1381 —
679 1352 739 1391 M.
771 1353 911 1402 Bruto,
942 1365 1060 1404 quem
1090 1351 1233 1398 Caesar,
1266 1350 1307 1388 in

189 1401 419 1442 Africanum
451 1406 600 1444 bellum
643 1407 895 1458 profecturus,
931 1405 1136 1457 Cisalpinae
1169 1404 1309 1443 Galliae

188 1458 419 1508 praefecerat,
454 1460 539 1511 (lib.
560 1460 639 1509 VI,
667 1460 775 1511 epist.
796 1461 849 1509 6)
876 1460 938 1499 Μ.
961 1459 1189 1498 Terentium
1208 1459 1311 1497 Var-

188 1523 333 1604 τοοειᾶἓ
355 1521 583 1615 ‹3uaestorem
603 1522 701 1553 sorte
722 1515 873 1565 datum,
892 1514 1183 1566 diligentissime
1199 1524 1305 1552 com-

188 1576 278 1603 men
330 1573 355 1603 t.

243 1672 347 1711 Cum
378 1674 426 1712 ad
444 1682 482 1713 te
499 1682 590 1714 tuus
608 1684 787 1728 quaestor,
816 1675 878 1714 M.
899 1675 1040 1724 Varro,
1059 1674 1310 1727 proficiscere-

189 1733 266 1774 tur,
287 1729 618 1769 commendatione
647 1744 756 1782 egere
775 1742 865 1768 eum
883 1743 961 1768 non
980 1731 1178 1782 putabam.
1208 1728 1310 1767 Satis

189 1781 291 1818 enim
321 1784 632 1822 commendatum
669 1784 739 1822 tibi
771 1797 862 1822 eum
897 1784 1108 1822 arbitrabar
1139 1784 1188 1822 ab
1224 1782 1309 1833 ipso

186 1845 293 1872 more
310 1837 502 1885 majorum
519 1852 531 1884 3
561 1839 630 1890 qui
650 1842 711 1881 (ut
729 1846 767 1877 te
785 1850 864 1876 non
881 1837 999 1889 fugit)
1018 1837 1121 1875 hanc
1139 1842 1309 1888 quaestu-

186 1900 239 1925 rae
257 1890 564 1938 conjunctionem
581 1892 790 1930 liberorum
809 1891 1076 1930 necessitudini
1088 1891 1307 1942 proximam

185 1941 308 1980 voluit
327 1955 415 1981 esse.
445 1945 535 1993 Sed,
555 1958 644 1984 cum
664 1946 736 1984 sibi
754 1946 808 1984 ita‘
825 1945 1070 1997 persuasisset
1087 1945 1182 1996 ipse,
1201 1956 1307 1982 meas

186 1994 235 2032 de
264 2008 303 2033 se
333 2005 505 2036 accurate
539 1999 697 2051 scriptas
727 2000 856 2038 literas
884 1999 1103 2038 maximum
1132 1997 1237 2049 apud
1266 2003 1305 2036 te

186 2048 338 2099 pondus
369 2050 581 2101 habituras,
615 2067 638 2092 a
667 2066 808 2106 meque
838 2053 1093 2100 contenderet,
1118 2059 1163 2090 ut
1185 2063 1305 2103 quam

186 2102 476 2153 diligentissime
504 2107 730 2153 scriberem3
760 2108 882 2147 malui
911 2108 1045 2155 facere,
1065 2105 1171 2158 quod
1196 2117 1307 2143 meus

187 2155 386 2195 familiaris
405 2159 502 2197 tanti
521 2160 592 2198 sua
608 2161 787 2200 interesse
801 2162 1058 2200 arbitraretur.

241 2209 301 2248 Ut
328 2211 446 2263 igitur
474 2213 610 2254 debere
639 2227 703 2254 me
732 2215 853 2256 facere
879 2215 952 2257 hoc
979 2213 1184 2266 intelligas,
1217 2224 1306 2252 cum
