1513 2382
291 93 376 131 AD
403 93 688 134 ATTICUM.
718 94 819 133 LIB.
839 95 964 134 VIII.
993 96 1032 134 9.
1141 91 1223 136 375

267 215 363 260 Προς
381 212 477 249 rou?
498 215 571 250 ὁ-τι
591 228 680 265 χρη,
701 229 760 250 και
781 214 1059 261 παλαμασὲων,

266 268 333 300 Koa
354 266 458 302 παντ’
482 265 538 303 επ’
560 281 635 315 εμοι
658 268 940 305 varennes-m.

260 321 306 353 ‘ro
323 333 392 367 γαρ
414 333 449 355 ευ
467 319 549 367 μετ’
571 333 668 368 εμου.

97 411 159 451 At
186 410 254 450 ille
282 411 366 459 tibi,
398 419 526 450 πολλα
551 429 634 466 χαι,ν
622 429 687 452 ειν
713 430 768 462 τῳ
792 422 896 462 καλῳ
921 414 1065 462 dicens,
1096 412 1222 465 pergit

98 465 364 504 Brundisium.
394 465 614 505 Domitium
640 477 770 506 autem
796 468 917 516 aiunt,
940 482 981 507 re
1011 467 1157 513 audita,
1183 473 1221 504 et

99 532 162 557 eos
180 519 249 570 qui
267 532 344 557 una
362 528 498 568 essent,
518 534 557 558 se
576 522 784 560 tradidisse.
817 522 855 561 Ο
881 535 962 561 rem
983 520 1216 580 lugubrem!

99 573 238 624 Itaque
255 573 485 612 intercludor
497 574 639 621 dolore,
656 576 863 628 quominus
845 576 925 615 aad
943 585 981 615 te
999 576 1112 628 plura
1131 573 1222 613 scri-

102 628 206 666 bam.
235 626 344 666 Tuas
361 627 490 666 literas
508 638 698 680 exspecto.

339 788 428 841 (9.)
459 789 672 831 CICERO
700 790 918 831 ATTICO
946 792 987 830 S.

158 896 374 949 Epistolam
399 910 528 937 meam
555 899 660 951 quod
677 900 944 951 pervulgatam
974 898 1105 937 scribis
1131 910 1226 946 esse,

105 963 183 990 non
200 951 280 990 fero
297 952 469 990 moleste.
500 953 608 1001 Quin
620 954 736 992 etiam
754 955 835 1016 ipse
846 953 979 991 multis
991 952 1079 990 dedi
1090 951 1229 991 descri-

103 1005 281 1044 bendam.
310 1005 371 1043 Ea
393 1007 495 1044 enim
521 1016 558 1045 et
581 1007 829 1046 acciderunt
814 1021 898 1058 Jam
923 1016 961 1046 et
985 1005 1225 1067 impendent,

102 1066 148 1096 ut
161 1066 342 1098 testatum
361 1072 441 1098 esse
459 1061 589 1108 velim,
610 1061 658 1100 de
675 1075 768 1113 pace
786 1061 880 1113 quid
899 1061 1092 1099 senserim.
1122 1059 1226 1099 Cum

102 1120 233 1151 autem
260 1113 310 1151 ad
328 1126 414 1152 eam
442 1113 627 1161 hortarer,
654 1128 745 1153 eum
772 1115 983 1166 praesertim
1011 1113 1224 1161 hominem,

102 1178 180 1204 non
198 1167 353 1205 videbar
371 1167 451 1205 ullo
469 1168 585 1206 modo
603 1168 752 1208 facilius
770 1178 960 1215 moturus,
977 1181 1097 1229 quam
1120 1167 1148 1205 si
1170 1167 1225 1214 id,

101 1220 207 1271 quod
232 1233 324 1258 eum
346 1220 532 1268 hortarer,
561 1223 763 1261 convenire
793 1224 876 1272 ejus
906 1221 1103 1273 sapientiae
1125 1220 1226 1259 dice-

99 1287 195 1312 rem.
236 1275 340 1312 Eam
365 1274 397 1312 si
431 1277 459 1297 “
486 1274 780 1314 admirabilem'’
803 1276 904 1323 dm,
937 1288 1028 1314 cum
1059 1287 1150 1313 eum
1179 1274 1228 1311 ad

102 1321 267 1366 salutem
284 1328 418 1379 patriae
441 1328 649 1375 hortaba13
678 1342 757 1368 non
776 1343 864 1368 sum
880 1329 1036 1377 veritus,
1056 1340 1105 1367 ne
1124 1327 1230 1366 vide-

103 1394 164 1420 rer
188 1382 395 1428 assentari;
425 1382 488 1421 cui
516 1383 586 1421 tali
616 1383 658 1421 in
687 1397 728 1422 re
753 1384 930 1424 lubenter
951 1396 1016 1421 me
1043 1382 1092 1420 ad
1114 1381 1231 1433 pedes

103 1436 338 1496 abjecissem.
367 1436 459 1484 Qua
478 1444 608 1475 autem
627 1444 698 1484 est,
719 1439 747 1460 “
761 1437 908 1490 aliquid
921 1437 1118 1488 impertias
1130 1444 1229 1474 tem-

104 1490 235 1540 poris;
239 1490 264 1508 ”
292 1502 370 1529 non
389 1498 444 1528 est
463 1490 511 1529 de
535 1503 641 1542 pace,
662 1491 728 1530 sed
747 1491 794 1530 de
821 1504 885 1529 me
903 1492 1000 1542 ipso,
1022 1498 1058 1528 et
1078 1489 1124 1527 de
1142 1501 1230 1527 meo

104 1543 243 1590 officio,
260 1552 306 1582 ut
323 1544 469 1595 aliquid
495 1544 700 1595 cogitet-i
683 1546 804 1592 Nam,
825 1545 930 1596 quod
954 1544 1146 1591 testificor,
1165 1555 1230 1580 me

104 1605 301 1648 expertem
318 1598 410 1636 belli
428 1598 570 1645 fuisse3
600 1599 669 1637 etsi
694 1599 736 1636 id
754 1612 794 1637 re
812 1606 1054 1650 perspectum
1078 1604 1146 1643 aet,
1168 1604 1226 1634 ta·

104 1663 196 1689 men
219 1664 264 1690 eo
293 1651 438 1703 scripsi,
469 1665 547 1703 quo
578 1652 620 1690 in
651 1652 844 1690 suadendo
871 1654 960 1703 plus
991 1649 1228 1689 auctoritatis

105 1704 315 1751 haberem;
355 1704 566 1756 eodemque
600 1707 778 1760 pertinet,
812 1706 918 1758 quod
950 1717 1106 1744 causam
1144 1705 1228 1754 ejus

136 1760 243 1797 robo.

108 1771 135 1810 P
159 1812 236 1852 Sed
264 1812 359 1864 quid
382 1813 464 1851 haec
489 1812 621 1851 nunc?
648 1813 812 1852 Utinam
843 1813 992 1865 aliquid
1016 1812 1231 1864 profectum

107 1874 230 1905 esset.
221 1866 230 1891 ⁸
252 1879 313 1904 nae
331 1879 400 1917 ego
417 1866 508 1904 istas
521 1866 678 1905 literas
667 1879 708 1904 in
727 1867 904 1906 concione
922 1867 1071 1905 recitari
1088 1865 1230 1904 velim·

111 1920 146 1959 si
164 1919 324 1972 quidem
341 1920 406 1958 ille
431 1920 526 1971 ipse,
547 1920 596 1959 ad
618 1920 798 1960 eumdem
813 1921 993 1968 scribens,
1020 1921 1061 1959 in
1079 1919 1235 1972 publico

106 1974 307 2034 proposuit
325 1974 526 2025 epistolam
546 1974 668 2023 illam,
688 1975 730 2012 in
749 1989 828 2026 qua
850 1978 954 2022 est,‘
959 1977 1061 2027 ‘pro
1080 1974 1157 2013 tuis
1174 1986 1234 2011 re-

108 2030 182 2067 bus
194 2027 309 2080 gestis
326 2027 597 2079 amplissimis:
602 2029 627 2045 ''
656 2029 972 2081 amplioribusne,
993 2041 1114 2080 quam
1140 2026 1234 2074 suis,

110 2095 229 2142 quam
245 2081 457 2120 Africani?
487 2081 550 2120 Ita
577 2089 781 2134 tempestas
805 2082 963 2122 ferebat.
1007 2083 1050 2121 Si
1075 2081 1234 2134 quidem

111 2135 230 2174 etiam
248 2148 314 2174 vos
332 2135 410 2174 duo
435 2135 528 2174 tales
554 2136 603 2174 ad
628 2136 811 2188 quintum
839 2136 1092 2175 milliarium:
1124 2134 1234 2187 quid,

112 2201 217 2238 nunc
234 2189 377 2241 ipsum,
398 2189 500 2230 unde
519 2203 558 2230 se
583 2190 809 2242 recipienti?
837 2190 934 2242 quid
951 2190 1079 2242 agenti
1093 2192 1111 2228 ἒ
1140 2187 1236 2240 quid
