1513 2382
304 101 389 141 AD
417 100 716 141 DIVERSOS.
747 100 843 139 Lm.
863 100 983 140 XVI.
1018 101 1079 140 13.
1188 103 1264 141 125

140 218 258 249 tatem
273 210 313 248 in
331 210 436 249 illius
455 210 621 249 exercitu
640 209 819 257 habebat,
840 208 892 247 Τ.
911 209 1121 257 Labienus,
1141 210 1264 250 socius

141 263 288 303 sceleris
307 277 386 303 esse
404 264 554 303 noluit:
584 263 739 315 reliquit
757 264 886 312 illum,
907 271 945 302 et
962 263 1164 302 nobiscum
1179 273 1236 303 est
1252 280 1264 304 z

137 318 329 370 multique
346 318 450 357 idem
467 318 607 356 facturi
625 324 704 356 esse
718 317 911 356 dicuntur.

203 373 292 423 Ego
321 372 448 411 adhuc
476 385 553 411 01·ae
581 371 787 410 maritimae
823 384 991 423 praesum
1025 384 1049 409 a
1086 371 1264 412 Formiis.

139 425 309 464 Nullum
331 427 458 476 majus
477 426 676 476 negotium
705 425 894 477 suscipere
925 425 1044 473 volui,
1071 439 1148 476 quo
1176 428 1266 478 plus

136 480 241 531 apud
259 480 373 518 illum
396 493 494 518 meae
519 480 639 518 literae
664 479 1018 531 cohortationesque
1051 480 1099 517 ad
1129 494 1264 531 pacem

135 534 314 572 valerent.
345 533 414 573 Sin
433 541 562 572 autem
581 534 651 572 erit
678 534 842 581 bellum,
864 534 974 572 video
993 546 1057 571 me
1076 535 1206 572 castris
1226 542 1263 573 et

134 587 244 626 certis
272 587 488 639 legionibus
513 588 784 639 praefuturum.
832 587 971 626 Habeo
1004 588 1120 626 etiam
1151 589 1260 626 illam

132 641 363 690 molestiam,
395 641 499 694 quod
529 641 737 680 Dolabella
765 650 894 681 noster
930 642 1035 693 apud
1068 642 1259 681 Caesarem

131 702 200 733 est.

186 749 285 788 Haec
302 749 374 789 tibi
392 757 484 789 nota
511 763 589 789 esse
608 749 737 788 volui:
769 763 857 801 quae
879 762 969 789 cave
987 762 1035 788 ne
1054 757 1092 787 te
1109 757 1261 801 pertur-

131 803 238 851 bent,
259 811 297 842 et
315 804 527 856 impediant
543 804 804 842 valetudinem
823 811 944 842 tuam.
973 804 1062 855 Ego
1080 805 1134 841 A.
1156 804 1258 843 Var-

129 857 213 894 roni
243 860 377 909 (quem
409 871 500 896 cum
526 857 835 896 amantissimum
864 857 942 895 mei
970 858 1144 908 cognovi,
1172 866 1257 897 tum

130 910 247 949 etiam
260 912 373 950 valde
390 911 448 950 tui
461 912 693 959 studiosum)
709 911 999 962 diligentissime
1013 919 1051 950 te
1063 925 1258 950 commen-

129 964 232 1013 davi,
245 972 290 1003 ut
305 973 342 1004 et
356 965 584 1004 valetudinis
597 973 674 1004 tuae
685 964 872 1003 rationem
884 965 1039 1004 haberet
1051 976 1088 1004 et
1102 966 1260 1017 naviga-

128 1019 256 1067 tionis,
277 1027 313 1058 et
332 1027 455 1058 totum
476 1027 514 1057 te
533 1019 736 1070 susciperet
755 1032 798 1057 ac
817 1026 1012 1058 tueretur:
1044 1033 1160 1071 quem
1174 1033 1258 1058 om-

127 1073 192 1111 nia
210 1073 403 1112 facturum
419 1073 593 1111 confido:
624 1072 765 1124 recepit
784 1073 901 1122 enim,
923 1082 960 1112 et
977 1086 1131 1112 mecum
1149 1074 1255 1113 locu-

126 1134 189 1165 tus
205 1127 507 1166 est‘suavissime.

181 1181 263 1231 Tu,
277 1195 367 1220 cum
380 1195 424 1220 eo
435 1189 608 1233 tempore
619 1193 772 1220 mecum
792 1193 874 1220 esse
888 1193 963 1220 non
984 1181 1156 1234 potuisti,
1176 1195 1256 1234 quo

125 1248 195 1287 ego
212 1235 386 1276 maxime
401 1248 558 1287 operam
581 1243 619 1274 et
645 1235 871 1274 fidelitatem
889 1235 1099 1274 desideravi
1129 1243 1253 1283 tuam,

125 1303 216 1329 cave
233 1289 403 1339 festinos,
424 1297 492 1328 aut
510 1289 742 1338 committas,
762 1297 807 1328 ut
826 1296 893 1328 aut
921 1302 1021 1341 aeger
1039 1297 1108 1328 aut
1126 1290 1254 1329 hieme

124 1343 292 1395 naviges
321 1344 540 1395 Nunquam
569 1357 652 1383 sero
675 1351 713 1382 te
731 1343 876 1382 venisse
894 1345 1054 1395 putabo,
1076 1343 1107 1382 si
1126 1344 1254 1383 salvus

125 1398 284 1437 veneris.
312 1398 459 1437 Adhuc
484 1398 680 1436 neminem
699 1398 884 1446 videram,
905 1398 974 1449 qui
992 1405 1030 1436 te
1047 1405 1179 1449 postea
1197 1399 1255 1437 vi-

125 1451 256 1501 disset,
271 1465 392 1505 quam
410 1452 474 1490 Μ.
494 1452 697 1499 Volusius,
717 1465 741 1493 a
757 1465 837 1503 quo
855 1458 941 1490 tuas
952 1452 1082 1492 literas
1095 1452 1223 1504 accepi
1239 1467 1250 1491 ε

127 1506 232 1558 quod
249 1519 327 1546 non
345 1506 513 1545 mirabar
529 1521 540 1544 ε
571 1519 697 1558 neque
722 1507 827 1544 enim
845 1518 951 1544 meas
969 1514 1065 1559 puto
1082 1506 1131 1544 ad
1151 1513 1189 1544 te
1206 1507 1254 1544 li-

124 1568 223 1599 teras
240 1560 348 1599 tanta
361 1560 488 1599 hieme
502 1560 676 1612 perferri,
705 1560 782 1599 Sed
800 1559 850 1598 da
864 1572 1022 1611 operam
1041 1567 1086 1598 ut
1096 1560 1223 1598 valeas
1238 1576 1249 1598 z

124 1621 175 1663 ct,
195 1614 228 1652 si
246 1614 403 1663 valebis,
432 1626 521 1653 cum
553 1622 653 1653 recte
684 1613 858 1665 navigari
886 1615 1039 1666 poterit,
1066 1621 1151 1652 tum
1182 1626 1251 1652 na-

123 1668 240 1719 viges.
280 1669 413 1707 Cicero
437 1681 547 1706 meus
572 1669 610 1707 in
639 1669 848 1707 Formiano
866 1676 970 1714 erat3
1003 1667 1187 1706 Terentia
1211 1674 1250 1706 et

124 1722 259 1761 Tullia
283 1723 441 1762 Romae.
474 1722 580 1761 Cura
602 1730 647 1762 ut
665 1722 803 1762 valeas.
841 1721 905 1759 IV
926 1722 1115 1762 Calendas
1134 1722 1247 1761 Febr.

120 1777 269 1830 Capua.

284 1941 301 1992 (
320 1938 404 1990 13.)
433 1938 494 1978 M.
509 1938 558 1978 Τ.
574 1937 621 1980 C.
651 1936 858 1978 TIRONI
888 1938 928 1977 S.
944 1936 990 1976 P.
1005 1936 1060 1976 D.

178 2048 502 2142 (ffiumentum.
514 2075 569 2084 —-
581 2049 803 2089 Cohortatio
822 2046 871 2087 ad
890 2046 1148 2087 valetudinem
1177 2060 1243 2084 cu-

119 2115 187 2142 ran
279 2110 310 2152 .)

888 2277 924 2304 M
945 2266 968 2301 :3
