1513 2382
198 106 278 145 296
406 105 488 143 AD
507 104 793 144 ATTICUM.
823 104 922 146 LIB.
942 107 994 146 V.
1026 108 1092 147 21.

184 220 269 262 test,
288 213 497 265 praesertim
516 225 605 252 cum
623 213 748 253 virum
763 213 968 266 optimum,
985 213 1226 264 Pomtinum,
1243 227 1295 255 ne

183 278 287 305 1111110
305 266 462 318 quidem
481 267 640 306 retinere
657 267 811 318 possim.
840 268 961 320 Rapit
979 268 1081 306 enim
1099 267 1296 308 hominem

183 320 405 359 Postumius
424 321 605 368 Romam,
625 321 780 360 fortasse
794 321 909 359 etiam
928 321 1138 361 Postumia.

234 374 365 413 Habes
391 374 546 413 consilia
574 382 725 413 nostra:
755 387 858 413 nunc
887 387 1066 426 cognosce
1088 376 1135 415 de
1153 377 1291 415 Bruto.

181 428 405 466 Familiares
441 428 556 466 habet
581 429 726 466 Brutus
757 436 847 466 tuus
879 429 1064 480 quosdam
1092 430 1292 468 creditores

181 481 476 521 Salaminiorum
496 495 543 520 ex
558 480 701 543 Cypro,
718 481 779 519 M.
800 482 997 533 Scaptium
1015 490 1052 521 et
1071 483 1117 521 P.
1131 483 1294 522 Matini-

179 548 276 580 um3
308 548 403 596 quos
429 535 527 573 mihi
551 536 735 584 majorem
753 535 795 572 in
812 535 971 573 modum
1000 537 1292 575 commendavit.

180 588 394 626 Matinium
413 601 489 627 non
509 589 609 626 novi.
639 588 813 639 Scaptius
831 588 880 626 ad
898 601 961 627 me
978 589 1019 626 in
1038 597 1159 628 castra
1176 590 1293 629 venit.

180 642 377 680 Pollicitus
393 655 478 680 sum
497 650 719 680 curaturum
736 655 813 689 me,
834 642 948 680 Bruti
959 643 1087 692 causa,
1107 650 1152 681 ut
1169 643 1204 681 ei
1223 643 1293 682 Sa-

178 695 326 733 laminii
345 695 547 747 pecuniam
566 696 763 734 solverent.
793 695 888 746 Egit
905 695 1055 746 gratias.
1086 697 1294 735 Praefectu-

179 762 262 787 ram
288 749 446 800 petivit:
475 750 611 800 negavi
640 762 704 787 me
728 748 908 801 cuiquam
935 750 1144 800 negotianti
1173 750 1288 796 (131·ος

178 802 299 854 (quod
323 803 426 841 idem
455 803 525 841 tibi
548 803 797 841 ostenderam.
839 802 913 841 Cn.
944 803 1130 855 Pompeio
1146 803 1292 855 petenti

178 856 381 907 probaram
393 857 614 895 institutum
632 869 789 894 meum:
806 856 900 907 quid
918 856 1057 904 dicam,
1073 857 1289 909 Torquato,

177 910 218 947 in
242 911 302 948 M.
320 910 443 948 Lenio
472 919 553 959 tuo,
579 910 713 948 multis
739 909 822 948 aliis
832 909 870 959 Ρ)
902 909 933 948 si
963 911 1163 961 praefectus
1180 911 1294 950 vellet

174 976 253 1001 esse
272 964 498 1015 syngraphae
526 964 654 1010 causa,
685 976 749 1002 me
778 971 1014 1012 curaturum,
1040 971 1086 1002 ut
1112 963 1290 1016 exigeret.

179 1017 332 1055 Gratias
352 1018 455 1068 egit:
486 1017 664 1056 discessit.

228 1071 383 1122 Appius
419 1078 544 1109 noster
578 1078 724 1110 turmas
759 1071 905 1123 aliquot
933 1071 1108 1122 equitum
1137 1070 1291 1110 dederat

172 1123 262 1162 huic
281 1125 447 1176 Scaptio,
467 1138 534 1176 per
545 1138 640 1176 quas
655 1125 881 1164 Salaminios
900 1129 1105 1171 coercerem
1127 1132 1164 1163 et
1181 1138 1291 1164 eum-

173 1177 261 1216 dem
275 1179 460 1216 habuerat
477 1179 712 1230 praefectum.
742 1180 920 1217 Vexabat
938 1178 1189 1217 Salaminios:
1220 1191 1291 1230 080

177 1232 322 1283 equites
341 1245 389 1270 ex
409 1232 537 1283 Cypro
555 1232 731 1270 decedere
745 1232 854 1282 jussi.
884 1232 1050 1270 Moleste
1067 1230 1156 1270 tulit
1173 1233 1292 1284 Scap-

176 1285 266 1323 tius.
295 1285 403 1332 Quid
425 1286 579 1323 multa?
607 1286 665 1324 Ut
686 1286 721 1324 ei
748 1285 865 1323 fidem
889 1297 1016 1323 meam
1040 1292 1288 1337 prastarem3

174 1351 264 1376 cum
283 1339 331 1376 ad
345 1351 407 1377 me
421 1339 621 1377 Salaminii
633 1339 800 1377 Tarsum
814 1339 1014 1386 venissent,
1031 1346 1069 1377 et
1078 1339 1158 1376 una
1169 1339 1287 1391 Scap-

174 1391 264 1440 tius,
297 1392 494 1443 imperavi,
528 1400 574 1430 ut
601 1393 802 1444 pecuniam
839 1393 1036 1431 solverent.
1080 1392 1213 1430 Multa
1241 1392 1290 1431 de

175 1446 407 1497 syngrapha,
435 1445 483 1484 de
502 1447 644 1497 Scaptii
672 1446 833 1495 injuriis.
875 1446 1028 1497 Negavi
1054 1458 1119 1484 me
1145 1445 1289 1484 audire.

174 1498 364 1538 Hortatus
396 1512 496 1547 sum,
529 1499 647 1551 petivi
679 1500 808 1548 etiam,
831 1512 901 1551 pro
925 1499 1021 1538 meis
1038 1499 1079 1536 in
1098 1499 1290 1538 civitatem

172 1553 377 1601 beneficiis,
397 1561 442 1591 ut
459 1554 656 1604 negotium
670 1553 919 1591 conficerent:
951 1553 1116 1604 denique
1133 1553 1214 1590 dixi
1225 1565 1290 1592 me

173 1614 406 1645 coacturum.
442 1607 631 1645 Homines
660 1619 737 1644 non
765 1606 880 1644 modo
904 1618 983 1645 non
1011 1619 1197 1654 recusare,
1223 1605 1291 1645 sed

175 1660 290 1697 etiam
307 1660 380 1698 hoc
394 1659 530 1707 dicere,
551 1673 590 1699 se
607 1674 630 1698 a
647 1673 711 1698 me
735 1661 891 1698 solvere.
931 1660 1049 1708 Quod
1071 1660 1173 1698 enim
1191 1673 1290 1712 prae-

173 1714 246 1751 tori
273 1713 363 1752 dare
380 1716 635 1760 consuessent,
656 1713 838 1765 quoniam
866 1726 936 1765 ego
960 1725 1038 1751 non
1056 1726 1288 1765 acceperam,

174 1779 213 1805 se
233 1781 255 1805 a
273 1779 337 1805 me
355 1767 522 1828 quodam
541 1768 656 1806 modo
670 1767 783 1814 (131·ος
804 1775 920 1818 atque
936 1767 1051 1805 etiam
1067 1767 1196 1806 minus
1208 1780 1288 1806 esse

174 1820 400 1881 aliquanto
388 1833 429 1858 111
449 1821 591 1872 Scaptii
615 1821 783 1870 1101111110,
804 1833 922 1872 quam
939 1820 980 1858 in
998 1820 1172 1881 vectigali
1189 1834 1288 1872 prae-

175 1874 283 1912 torio.
313 1874 540 1913 Collaudavi
557 1875 742 1913 homines.
784 1875 917 1922 Recte,
936 1873 1063 1926 inquit
1085 1874 1285 1936 Scaptius:

173 1927 239 1965 sed
259 1928 516 1966 subducamus
534 1941 739 1966 summam.
767 1928 930 1966 Interim
941 1940 1031 1966 cum
1045 1940 1115 1978 ego
1133 1927 1172 1964 in
1188 1926 1288 1966 edic-

175 1987 217 2018 to
235 1982 432 2029 tralaticio,
453 1982 674 2020 centesimas
691 1995 755 2020 me
771 1983 1072 2029 observaturum,
1092 1981 1288 2029 haberem,

174 2046 265 2072 cum
296 2034 566 2087 [anatocismo]
592 2035 871 2079 anniversari03
899 2035 965 2072 1110
994 2046 1042 2072 ex
1071 2033 1288 2086 syngrapha

174 2089 392 2138 postulabat
410 2096 624 2140 quaternas.
654 2089 764 2140 Quid
781 2089 870 2127 ais?
898 2089 1072 2140 inquam.
1103 2088 1287 2126 Possum-

172 2152 221 2178 ne
237 2149 368 2180 contra
390 2155 524 2181 meum
549 2143 717 2182 edictum
734 2146 752 2181 Ρ
781 2143 842 2181 Α1
864 2142 930 2180 1110
957 2141 1101 2193 profert
1117 2142 1288 2180 senatus-

173 2195 392 2234 consultum
413 2196 580 2236 Lentulo
600 2196 857 2248 Philippoque
883 2194 1116 2243 consulibus,
1136 2201 1194 2243 ut,
1220 2194 1288 2246 qui
