1513 2382
332 95 415 136 AD
443 94 732 136 ATTICUM.
763 95 862 135 Lm.
892 96 1016 136 VIII.
1052 97 1114 137 11.
1210 98 1291 143 379

218 202 351 243 Habes
365 205 620 254 conjecturam
634 217 785 244 meam.
809 212 849 244 tu
878 213 1008 244 autem
1023 205 1290 245 consolationis

162 256 319 296 fortasse
336 258 483 319 aliquid
498 259 734 310 exspectasti.
764 259 905 298 Nihil
894 259 1074 306 inveni03
1096 260 1193 297 nihil
1204 260 1287 298 fieri

161 318 286 363 potest
311 312 500 359 miserius,
526 313 624 351 nihil
642 313 841 364 perditius,
861 313 958 351 nihil
981 313 1130 351 foedius.
1165 313 1283 361 Quod

160 365 313 417 quaeris,
342 366 437 418 quid
470 365 599 405 Caesar
619 367 670 405 ad
694 380 758 405 me
783 367 994 418 scnpserit;
1022 367 1126 418 quod
1154 381 1279 419 saepe:

159 419 420 470 gratissimum
440 420 512 459 sibi
530 434 622 467 esse,
640 421 747 482 quod
766 421 956 473 quietim:
985 429 1156 473 oratque,
1177 420 1218 458 in
1239 435 1284 460 eo

162 480 209 511 ut
234 486 482 524 perseverem.
521 475 671 513 Balbus
689 475 816 513 minor
833 475 915 514 haec
933 475 1065 513 eadem
1086 475 1282 514 mandata.

159 526 240 566 Iter
254 535 384 566 autem
399 529 482 578 ejus
497 536 576 567 erat
590 529 640 567 ad
654 529 867 568 Lentulum
882 529 1076 568 consulem
1095 541 1184 566 eum
1198 529 1285 567 lite-

158 580 210 620 ris
245 580 420 631 Caesaris,
457 583 782 635 praemiorumque
812 583 1022 634 promissis,
1057 582 1087 620 si
1110 582 1280 621 Romam

162 636 386 674 revertisset.
423 636 590 684 Verum,
624 650 713 675 cum
745 637 867 675 habeo
899 637 1084 675 rationem
1118 636 1283 685 dierum,

159 696 249 728 ante
266 696 361 740 puto
379 690 707 738 transmissurum,
727 703 846 743 quam
863 691 1029 742 potuerit
1047 691 1252 729 conveniri.

211 743 476 795 Epistolarum
496 744 674 796 Pompeii
697 744 876 806 duarum,
897 758 992 796 quas
1011 744 1060 782 ad
1078 757 1142 783 me
1159 745 1279 794 misit,

155 797 444 848 negligentiam,
469 811 677 850 meamque
699 799 741 836 in
766 799 1005 837 rescribendo
1023 798 1277 860 diligentiam,

155 851 262 889 volui
289 851 360 889 tibi
387 859 520 891 notam
545 865 634 890 esse.
674 852 825 891 Earum
852 853 1030 904 exempla
1054 853 1104 890 ad
1122 860 1160 891 te
1178 853 1279 891 111151.

157 903 319 944 0353115
354 905 417 944 hic
448 919 517 957 per
546 906 735 957 Apuliam
773 906 822 945 ad
859 905 1114 945 Brundisium
1147 919 1281 946 cursus

157 959 254 1009 quid
272 959 423 1007 efficiat,
444 968 633 1012 exspecto·
675 960 839 999 Utinam
872 960 1020 1012 aliquid
1040 960 1164 999 simile
1183 961 1281 999 Par-

153 1013 264 1051 thicis
282 1015 396 1051 rebus
412 1015 421 1052 !

209 1067 336 1106 Simul
361 1067 508 1120 aliquid
527 1068 698 1117 audiero,
723 1068 886 1107 scribam
905 1068 955 1106 ad
979 1075 1016 1107 te
1033 1083 1043 1106 :
1074 1075 1117 1106 tu
1132 1068 1181 1106 ad
1199 1081 1278 1116 me,

154 1120 285 1170 velim,
304 1122 494 1160 bonorum
510 1135 712 1161 sermones.
740 1123 879 1162 Romae
896 1122 1115 1174 frequentes
1128 1135 1206 1161 esse
1221 1123 1281 1161 di-

154 1181 306 1213 cuntur.
350 1176 436 1214 Scio
466 1176 645 1228 equidem
663 1184 701 1215 te
724 1176 765 1214 in
784 1176 986 1228 publicum
1004 1189 1081 1214 non
1100 1176 1251 1227 prodire
1265 1191 1277 1215 ε

153 1229 221 1267 sed
242 1236 386 1278 tamen,
406 1230 538 1268 audire
556 1238 594 1268 te
612 1231 752 1277 multa,
778 1243 927 1269 necesse
946 1237 1012 1268 est.
1041 1230 1211 1268 Memini
1229 1230 1278 1268 li-

152 1283 267 1322 brum
285 1283 357 1322 tibi
373 1284 499 1323 afferri
512 1298 535 1323 3
548 1284 747 1322 Demetrio
766 1284 952 1336 Magnete
973 1284 1041 1336 (ad
1059 1291 1097 1322 te
1114 1284 1277 1322 missum

152 1335 345 1388 Scio)1'l'spt
359 1338 558 1386 ‘offo-among.
587 1338 695 1376 Eum
709 1338 822 1388 mihi,
834 1338 965 1388 velim,
978 1338 1120 1377 mittas.
1141 1338 1278 1387 Vides,

153 1403 273 1443 quam
291 1404 445 1430 causam
463 1392 636 1432 mediter.

155 1501 185 1522 “
209 1499 284 1539 Cn.
304 1501 501 1550 Magnus,
523 1502 684 1539 Procos.
715 1502 759 1540 S.
782 1503 837 1540 D.
858 1502 925 1539 M.
960 1502 1154 1548 Ciceroni,
1168 1503 1275 1551 Imp.

208 1608 236 1631 ‘⁶
256 1607 428 1656 Quintus
447 1609 593 1648 Fabius
623 1608 672 1647 ad
701 1621 764 1648 me
793 1609 896 1648 venit
914 1622 948 1646 a.
964 1607 1002 1646 d.
1025 1607 1087 1646 IV
1113 1608 1273 1647 Calend.

150 1661 264 1701 Febr.
294 1662 336 1700 Is
361 1663 514 1701 nuntiat
532 1663 581 1702 L.
602 1663 825 1701 Domitium
846 1675 936 1702 cum
955 1662 1032 1701 suis
1051 1662 1270 1701 cohortibus

150 1716 231 1764 XI,
261 1723 299 1754 et
325 1716 542 1755 cohortibus
559 1717 667 1756 XIV
687 1731 782 1768 quas
800 1717 999 1756 Vibullius
1025 1716 1200 1763 adduxit,
1221 1717 1271 1755 ad

148 1784 212 1809 me
239 1769 311 1808 iter
335 1770 498 1809 habere:
528 1771 706 1810 habuisse
723 1772 764 1809 in
782 1772 911 1810 animo
936 1770 1121 1822 proficisci
1147 1770 1270 1808 Corfi-

148 1825 228 1872 nio,
249 1837 284 1862 a.
302 1823 339 1861 d.
361 1824 401 1862 V
420 1824 481 1862 Id.
502 1825 754 1864 Februarias:
787 1825 834 1865 C.
854 1825 1019 1863 Hirrum
1038 1837 1128 1863 cum
1146 1824 1186 1863 V
1207 1838 1270 1863 co-

149 1878 323 1917 hortibus
338 1878 531 1929 subsequi.
563 1878 724 1926 Censeo,
744 1879 793 1917 ad
807 1892 876 1918 nos
891 1879 1092 1917 Luceriam
1114 1879 1241 1918 venias
1255 1893 1267 1916 z

149 1945 240 1971 nam
254 1940 292 1971 te
310 1931 375 1971 hic
392 1933 582 1972 tutissime
599 1940 694 1985 puto
713 1932 835 1972 fore.”

192 2042 221 2063 “
241 2042 309 2079 M.
333 2041 481 2088 Cicero,
503 2044 607 2093 Imp.
638 2043 680 2081 S.
694 2043 749 2080 D.
767 2043 840 2082 Cn.
870 2042 1042 2092 BIagno,
1063 2042 1223 2079 Proeos.

203 2152 232 2173 ‘⁶
251 2150 305 2189 A.
318 2151 356 2190 d.
376 2151 459 2190 XV
474 2150 635 2191 Calend.
655 2150 834 2200 Martias,
852 2150 1017 2190 Formiis
1037 2149 1163 2202 accepi
1182 2158 1269 2188 tuas
