1513 2382
221 128 301 166 344
425 125 506 165 AD
536 125 824 166 ATTICUM.
854 124 955 165 Lm.
987 124 1087 166 VII.
1113 119 1152 166 9;

225 235 472 280 occurrebat3
509 242 639 272 tamen
666 234 820 273 levabar
849 234 954 282 cura,
980 234 1108 273 virum
1138 233 1277 272 fortem
1306 238 1344 271 et

228 288 410 339 peritum,
426 296 463 327 et
481 288 694 339 plurimum
709 288 931 326 auctoritate
944 289 1150 336 valentem,
1169 286 1343 335 audiens,

230 348 431 385 πολιτικως
459 342 508 380 de
535 342 639 394 pacis
669 342 856 380 simulatae
884 341 1062 394 periculis
1088 341 1346 379 disserentem.

231 394 485 433 Habebamus
513 403 641 434 autem
667 396 708 433 in
726 396 906 434 manibus
932 395 1093 434 Antonii
1112 394 1347 455 concionem,

230 447 403 487 habitam
432 449 474 487 X
508 449 591 488 CaL
626 449 846 496 Januarias,
880 449 922 486 in
951 462 1030 499 qua
1054 456 1133 487 erat
1162 447 1352 486 accusatio

232 502 408 553 Pompeii
438 515 560 554 usque
591 516 613 541 a
642 502 732 553 toga
755 502 867 553 pura,
899 502 1054 554 querela
1076 502 1123 540 de
1146 500 1351 548 damnatis,

230 562 350 593 terror
368 569 588 594 armorum:
619 556 659 593 in
679 555 819 607 quibus
837 555 916 604 1118,
930 555 1039 616 Quid
1053 568 1192 601 censes,
1213 554 1352 602 aiebat,

230 608 423 647 facturum
444 623 523 648 esse
551 609 695 661 ipsum,
723 610 754 647 si
772 609 813 647 in
838 609 1112 661 possessionem
1135 607 1354 659 reipublicae

230 663 388 708 venerit,
420 676 510 701 cum
541 663 623 701 haec
649 671 813 714 (111385101-
843 664 938 711 ejus,
968 663 1144 701 infirmus
1166 669 1204 700 et
1227 661 1352 713 inops,

233 715 371 754 audeat
399 716 522 755 dicere
538 719 556 755 Ρ
586 716 695 764 Quid
723 717 875 755 multa?
915 729 993 755 non
1028 716 1145 754 modo
1176 728 1254 754 non
1286 728 1354 753 ex-

234 777 361 820 petere
392 783 527 822 pacem
563 770 691 819 istam,
722 770 787 809 sed
816 771 931 809 etiam
964 770 1113 818 timere,
1147 769 1251 808 visus
1280 776 1350 808 est.

238 822 324 872 [Ex
352 823 420 862 ina
453 831 583 862 autem
616 824 816 872 sententia,
847 825 905 863 ira
932 823 1193 876 relinquendae
1223 822 1351 874 urbis]

234 888 363 915 movet
380 878 593 926 hominem,
620 886 665 916 ut
682 886 788 930 puto.
819 878 925 916 Mihi
949 886 1079 916 autem
1097 876 1196 915 illud
1213 875 1352 915 moles-

235 930 424 969 tissimum
461 940 530 979 est,
550 932 655 983 quod
674 931 843 971 solvendi
865 939 954 970 sunt
971 931 1125 970 nummi
1143 930 1296 975 0185311,
1315 936 1354 968 et

235 983 535 1023 instrumentum
561 986 748 1038 triumphi
774 999 818 1024 eo
837 985 1134 1025 conferendum.
1165 992 1221 1023 est
1251 983 1354 1023 enim

237 1047 412 1087 αμορφον,
451 1054 577 1076 αντιπ
581 1046 767 1087 7ιτευομεν
771 1054 806 1076 ου
839 1046 1101 1092 χρεοφειλετην
1136 1051 1227 1078 esse.
1281 1036 1356 1078 Sed

236 1091 332 1139 haec,
353 1099 390 1131 et
406 1092 532 1131 multa
551 1093 638 1141 alia,
660 1106 799 1132 coram.

473 1256 559 1302 (9.)
589 1253 802 1293 CICERO
830 1252 1052 1294 ATTICO
1082 1254 1121 1293 S.

293 1360 540 1409 Quotidiene,
566 1361 708 1412 111(11115,
732 1375 755 1400 3
780 1369 817 1400 18
842 1361 1069 1414 accipiendae
1092 1361 1213 1400 literae
1236 1361 1357 1400 sunt?

241 1415 283 1454 Si
311 1415 474 1463 habebo,
506 1414 567 1453 cui
596 1416 699 1462 dem,
731 1415 913 1467 quotidie.
950 1416 1006 1453 At
1031 1416 1115 1464 jam
1143 1415 1225 1466 ipse
1256 1415 1358 1453 ades.

242 1468 348 1506 Tum
366 1468 497 1519 igitur,
518 1481 607 1507 cum
627 1481 777 1517 venero,
798 1469 980 1507 desinam.
1008 1469 1116 1507 Unas
1134 1469 1244 1507 video
1261 1469 1360 1506 mihi

242 1536 265 1560 a
283 1530 320 1560 te
340 1534 416 1560 non
436 1536 514 1561 esse
533 1522 725 1569 redditas3
756 1537 851 1574 quas
871 1523 919 1561 L.
941 1522 1141 1571 Quintius,
1161 1522 1362 1561 familiaris

242 1589 365 1623 meus,
391 1589 481 1614 cum
510 1577 637 1622 ferret,
662 1576 711 1614 ad
737 1578 897 1615 bustum
919 1576 1042 1615 Basili
1070 1577 1290 1614 vulneratus
1323 1583 1362 1615 et

241 1630 472 1681 despoliatus
503 1638 570 1668 aet.
601 1630 762 1668 Videbis
790 1630 922 1681 igitur,
954 1630 1147 1681 numquid
1174 1629 1290 1668 fuerit
1320 1629 1363 1668 in

241 1683 316 1731 his,
337 1684 440 1735 quod
453 1697 515 1722 me
532 1684 624 1722 scire
638 1697 734 1735 opus
746 1683 816 1722 sit:
849 1691 887 1722 et
901 1684 1018 1722 simul
1029 1692 1072 1721 tu
1083 1684 1155 1722 hoc
1176 1683 1364 1734 ὃιευκρινη.

247 1752 323 1779 σεις
341 1737 537 1786 προςλημα
557 1750 645 1776 sane
668 1745 878 1775 πολειτικον
914 1737 1018 1777 Cum
1041 1737 1090 1776 sit
1111 1749 1274 1783 necesse,
1294 1745 1362 1776 aut

243 1790 374 1829 haberi
396 1790 557 1830 Caesaris
584 1792 784 1839 rationem,
810 1791 878 1830 illo
897 1792 1120 1839 exercitum,
1140 1791 1200 1829 vel
1218 1803 1287 1842 per
1305 1802 1363 1828 se-

244 1852 380 1882 natum
411 1845 471 1883 vel
500 1859 567 1896 per
586 1845 758 1883 tribunos
786 1845 923 1896 plebis,
950 1847 1157 1893 obtinente,
1181 1851 1249 1882 aut
1276 1856 1362 1895 per-

246 1898 405 1936 suadere
433 1897 589 1946 Caesari,
621 1906 665 1936 ut
687 1899 812 1937 tradat
829 1900 1064 1950 provinciam
1087 1906 1203 1950 atque
1221 1898 1364 1936 exerci-

245 1958 345 1998 tum,
366 1960 403 1990 et
421 1953 475 1990 ita
500 1953 632 1991 consul
650 1952 742 1998 fiat,
731 1967 740 1976 ·
772 1960 852 2000 aut,
873 1953 906 1991 si
923 1953 965 1991 id
982 1965 1060 1991 non
1077 1951 1364 2004 persuadeatur,

245 2005 377 2043 haberi
396 2007 549 2044 comitia
567 2007 648 2045 sine
665 2007 770 2045 iuius
787 2007 947 2055 13110118,
965 2007 1034 2045 1110
1051 2005 1232 2058 patiente,
1252 2013 1368 2056 atque

247 2059 442 2098 obtinente
472 2060 736 2111 provinciam3
771 2068 852 2109 aut,
886 2061 918 2100 si
949 2074 1018 2113 per
1041 2061 1215 2098 tribunos
1246 2058 1368 2110 plebis

248 2124 324 2150 non
354 2114 535 2164 patiatur,
561 2122 689 2153 tamen
714 2114 895 2166 quiescat,
919 2128 1002 2154 rem
1025 2113 1164 2153 adduci
1183 2112 1232 2150 ad
1253 2112 1371 2150 inter-

251 2179 438 2217 regnum;
470 2175 550 2215 aut,
582 2168 613 2207 si
646 2170 695 2206 ob
726 2181 809 2206 eam
837 2181 1005 2216 causam,
1036 2167 1142 2219 quod
1164 2165 1259 2204 ratio
1288 2167 1371 2215 ejus

251 2232 327 2258 non
350 2220 548 2271 habeatur,
570 2222 778 2261 exercitum
799 2222 976 2272 adducat,
991 2222 1107 2262 armis
1125 2233 1213 2260 curn
1230 2232 1272 2258 eo
1287 2231 1370 2259 con·
