1513 2382
275 109 357 150 AD
385 110 684 152 DIVERSOS.
715 112 815 150 Lm.
846 110 972 151 XIII
999 112 1065 150 24.
1167 112 1219 149 95

94 216 340 258 vehementer
364 226 519 280 gratum
551 219 636 269 6111,
668 227 706 258 et
736 219 808 263 tihi
830 226 960 272 postea
984 217 1216 270 jucundum.

95 271 309 311 Hominem
334 275 438 312 enim
466 273 620 312 summa
645 273 847 324 probitate,
873 274 1127 321 humanitate,
1147 273 1216 311 ob-

97 326 374 378 servantiaque‚
395 340 609 378 cognosces.
639 327 751 366 Vale.

310 487 430 539 (24.)
461 488 676 528 CICERO
705 487 917 529 SERVIO
945 489 987 528 S.

148 595 470 647 (Argumentum.
496 618 550 628 —
575 596 728 636 Gratias
756 598 847 649 agit,
875 596 979 649 quod
1010 595 1081 635 sua
1113 608 1218 634 com-

94 649 337 688 mendatione
367 651 514 702 Lysoni
538 651 785 690 offensionem
804 651 1017 690 remiserit:
1048 662 1216 701 eumque

94 703 315 755 diligentius
335 704 610 755 commendat.)

152 810 257 850 Cum
275 819 388 850 antea
416 813 612 864 capiebam
633 827 681 852 ex
705 813 829 852 officio
852 826 939 853 meo
962 813 1215 864 voluptatem,

97 865 203 917 quod
232 867 499 914 memineram,
531 880 650 918 quam
677 868 748 905 tibi
776 868 976 919 diligenter
1005 867 1217 917 Lysonem,

95 919 287 971 hospitem
298 927 336 958 et
352 921 580 959 familiarem
595 934 742 969 meum,
759 921 1110 966 commendassem,
1100 934 1109 944 ·
1131 926 1218 957 tum

97 986 200 1022 vero,
229 981 480 1026 posteaquam
510 988 558 1013 ex
585 975 703 1014 literis
725 977 808 1025 ejus
832 975 1005 1027 cognovi,
1030 974 1102 1012 tibi
1127 985 1218 1012 eum

97 1027 195 1065 falso
214 1036 433 1079 suspectum
450 1029 581 1077 fuisse,
597 1029 928 1068 vehementissime
945 1030 1096 1067 laetatus
1114 1040 1216 1074 sum,

96 1093 161 1119 me
185 1088 265 1119 tam
285 1082 541 1133 diligentem
529 1095 571 1121 m
597 1096 640 1121 eo
666 1083 970 1121 commendando
995 1082 1123 1120 fuisse.
1155 1082 1220 1119 Ita

95 1134 201 1173 enim
233 1135 382 1187 scripsit
411 1136 461 1174 ad
485 1149 562 1184 me,
591 1136 663 1175 sibi
691 1149 819 1174 meam
848 1135 1220 1175 commendationem

94 1188 268 1227 maximo
286 1189 510 1240 adjumento
528 1190 657 1239 fuisse,
678 1191 782 1242 quod
805 1190 854 1229 ad
872 1198 910 1229 te
928 1191 1099 1229 delatum
1118 1189 1219 1227 dice-

95 1249 166 1289 ret,
187 1255 267 1281 sese
295 1251 426 1282 contra
444 1244 671 1306 dignitatem
696 1253 805 1283 tuam
824 1245 963 1283 Romae
982 1244 1029 1281 de
1055 1251 1093 1281 te
1111 1242 1220 1294 loqui

95 1296 254 1335 solitum
273 1310 364 1336 esse.
391 1297 455 1336 De
483 1311 560 1349 quo
587 1298 656 1336 etsi
691 1299 778 1350 (pro
801 1298 868 1337 tua
891 1298 1071 1337 facilitate
1090 1304 1127 1335 et
1144 1297 1219 1334 hu-

94 1350 296 1398 manitate)
321 1359 532 1403 purgatum
551 1365 590 1391 se
612 1352 684 1391 tibi
711 1353 840 1407 sclabit
858 1366 962 1398 esse;
991 1360 1121 1390 tamen
1139 1350 1220 1402 pri-

94 1416 222 1454 mum,
241 1413 286 1443 ut
303 1406 436 1455 debeo,
456 1406 528 1443 tibi
548 1406 687 1457 gratias
712 1420 798 1458 ago,
820 1420 909 1445 cum
928 1413 1080 1445 tantum
1099 1404 1219 1442 literae

94 1470 191 1497 meae
218 1466 439 1520 potuerunt,
468 1467 527 1507 ut,
558 1461 618 1499 his
640 1461 759 1508 lectis,
787 1473 942 1499 omnem
971 1459 1220 1498 offensionem

96 1512 334 1564 suspicionis,
360 1526 480 1565 quam
504 1514 692 1553 habueras
718 1515 765 1553 de
792 1515 960 1567 Lysone,
985 1514 1216 1565 deponeres.

36 1570 39 1571 ⁷
96 1566 248 1615 deinde,
278 1567 407 1606 credas
435 1567 535 1606 mihi
564 1568 771 1607 affirmanti
796 1570 926 1617 velim,
957 1581 1021 1606 me
1048 1568 1119 1605 hoc
1140 1579 1220 1604 non

94 1633 165 1682 pro
184 1621 338 1673 Lysone
363 1622 502 1673 magis,
525 1635 645 1674 quam
663 1636 733 1674 pro
759 1624 937 1662 omnibus
957 1622 1130 1683 scribere,
1149 1620 1220 1659 ho-

94 1674 243 1713 minem
262 1688 342 1713 esse
368 1676 578 1725 neminem,
602 1678 671 1728 qui
702 1690 877 1729 unquam
902 1676 1136 1715 mentionem
1162 1674 1221 1713 tui

95 1728 178 1767 sine
208 1729 277 1767 1113
295 1730 450 1768 summa
479 1731 594 1769 laude
611 1731 752 1770 fecerit.
782 1731 886 1783 Lyso
912 1744 1000 1769 vero
1026 1742 1116 1768 cum
1137 1741 1220 1767 me-

95 1795 185 1822 cum
203 1796 322 1835 prope
337 1784 507 1835 quotidie
519 1792 628 1833 esset,
644 1798 799 1837 unaque
816 1786 971 1832 xiveret,
984 1796 1062 1822 non
1077 1783 1218 1830 solum,

98 1836 192 1888 quia
209 1849 273 1875 1116
289 1837 453 1876 libenter
471 1839 603 1877 audire
622 1840 891 1888 arbitrabatur,
905 1838 970 1877 56(1
988 1838 1080 1889 quia
1096 1837 1220 1875 liben-

95 1891 173 1929 tius
191 1891 272 1942 ipse
285 1891 529 1944 loquebatur,
545 1893 675 1932 omnia
687 1893 786 1932 mihi
804 1902 871 1932 tua
890 1900 926 1932 et
943 1893 1044 1931 facta
1064 1898 1102 1930 61
1119 1891 1220 1930 dicta

93 1943 290 1984 laudabat.

150 1999 412 2052 Quapropter,
444 2001 514 2040 etsi
545 2015 568 2040 a
595 2008 632 2040 te
658 2001 712 2040 ita
737 2008 934 2049 tractatur,
961 2008 1006 2039 ut
1026 2001 1109 2050 jam
1139 2011 1218 2038 non

98 2051 283 2092 desideret
300 2055 671 2094 commendationem
694 2068 836 2103 meam,
856 2056 1020 2107 unisque
1045 2067 1083 2092 se
1101 2053 1220 2092 1116115

93 2107 189 2146 meis
207 2108 338 2147 omnia
350 2117 596 2149 consecutum
613 2117 751 2161 putet;
782 2118 910 2148 tamen
938 2123 963 2148 a
980 2117 1017 2147 te
1030 2116 1118 2169 peto
1132 2120 1217 2145 ma-

92 2173 218 2210 Jorem
247 2162 288 2200 in
312 2163 488 2212 modum,
519 2172 565 2203 ut
597 2177 686 2203 eum
710 2164 825 2203 etiam
850 2172 966 2216 atque
996 2163 1112 2202 etiam
1138 2161 1216 2200 tuis

97 2214 242 2264 officiis,
273 2216 514 2265 liberalitate,
548 2219 810 2271 complectare.
839 2219 1049 2258 Scriberem
1082 2216 1131 2254 ad
1163 2222 1214 2264 te,

149 2271 295 2320 (Epist.
301 2269 317 2320 )
340 2282 367 2307 v
373 2282 941 2310 01..11.1)
