1513 2382
391 106 474 146 AD
501 107 783 147 ATTICUM.
813 109 912 146 Lm.
934 108 1009 148 VI.
1039 111 1076 146 2.
1212 109 1291 147 311

174 229 250 256 non
267 215 354 255 fuit.
382 214 489 254 Mihi
500 223 630 254 autem
648 215 719 254 erit
736 216 906 255 maxime
920 229 1033 264 curae,
1051 228 1100 255 ne
1113 215 1209 268 quid
1225 216 1294 255 fiat

171 283 292 332 secus,
313 282 431 322 quam
454 270 646 317 volumus,
678 283 874 321 quamque
899 278 1057 321 oportet.
1093 271 1179 309 Nec
1204 270 1295 309 satis

171 332 242 373 aet,
273 324 314 362 in
333 323 522 374 ejusmodi
558 337 613 371 re,
640 337 679 362 se
703 337 899 375 quemque
927 331 1129 385 praestare:
1166 325 1294 362 maxi-

170 390 247 416 mae
274 385 400 429 partes
429 378 538 416 istius
567 377 681 416 officii
710 385 801 416 sunt
832 379 943 430 pueri
976 378 1183 424 Ciceronis,
1215 378 1293 416 sive

166 433 250 482 jam
270 432 538 478 adolescentis,
528 446 537 455 ·
569 432 673 483 quod
695 432 853 484 quidem
880 432 993 470 illum
1016 432 1117 470 soleo
1135 432 1292 470 hortari.

169 486 234 524 Ac
251 486 350 524 mihi
367 486 518 524 videtur
536 493 699 525 matrem
719 487 843 534 valde,
864 494 908 524 ut
926 486 1052 534 debet,
1078 498 1220 534 amare,
1236 493 1294 524 te-

169 553 246 592 que
263 540 434 579 mirifice.
460 539 537 579 Sed
555 547 611 578 est
628 553 818 602 magnum
835 540 934 578 illud
954 540 1125 592 quidem,
1139 552 1294 577 verum-

169 601 301 633 tamen
315 594 536 656 multiplex,
558 595 669 646 pueri
687 594 911 646 ingenium.
934 608 1012 646 quo
1039 607 1110 646 ego
1127 593 1295 645 regendo

165 647 288 688 habeo
306 649 449 699 negotii
467 649 569 687 satis.

222 702 420 751 Quoniam
449 701 627 754 respondi
649 709 850 754 postremae
874 709 952 741 tuae
983 701 1136 754 paginae
1163 701 1292 753 prima

166 756 282 803 1110ος
312 769 416 795 1111110
434 756 484 795 ad
509 757 676 808 primam
700 764 866 796 revertar
889 764 1010 795 tuam.
1053 756 1293 807 Peloponne-

167 811 240 849 sias
272 810 440 849 civitates
472 823 604 849 omnes
641 811 855 850 maritimas
891 824 987 859 esse,
1016 809 1183 848 hominis
1213 822 1290 847 non

167 877 351 916 nequam,
383 865 448 903 sed
473 865 588 903 etiam
613 871 681 903 tuo
706 865 852 915 judicio
877 864 1041 926 probati,
1074 863 1291 902 Dicaearchi

167 919 308 957 tabulis
319 919 472 958 credidi.
499 919 542 957 Is
556 919 690 957 multis
701 919 936 967 nominibus,
956 919 998 956 in
1013 917 1290 969 Trophoniana

167 973 363 1012 Chaeronis
382 973 611 1020 narratione,
629 972 782 1012 Graecos
794 973 835 1010 in
850 986 894 1012 eo
911 971 1167 1033 reprehendit,
1184 970 1289 1022 quod

163 1039 271 1066 mare
301 1034 382 1066 tam
413 1027 531 1066 secuti
563 1033 679 1065 sunt:
710 1040 781 1066 nec
809 1027 937 1065 ullum
962 1026 1003 1064 in
1022 1026 1288 1077 Peloponneso

165 1081 295 1120 locum
320 1080 471 1133 excipit.
502 1081 605 1119 Cum
637 1081 736 1119 mihi
763 1088 894 1119 auctor
918 1081 1098 1132 placeret,
1126 1079 1286 1131 (etenim

163 1143 244 1173 erat
263 1138 563 1186 ἱστορικωτατος,
582 1140 620 1172 01
637 1134 784 1174 vixerat
801 1135 842 1172 in
861 1135 1142 1195 Peloponneso)
1162 1132 1287 1171 admi-

160 1191 273 1228 rabar
291 1197 444 1235 tamen3
476 1196 528 1237 et,
558 1187 624 1227 vix
649 1189 861 1238 accredens,
889 1187 1170 1227 communicavi
1195 1200 1285 1226 cum

158 1242 363 1295 Dionysio.
399 1218 535 1295 Atque
560 1242 593 1281 is
619 1242 747 1294 primo
775 1249 831 1282 est
859 1248 1100 1282 commotus·
1131 1241 1283 1302 deinde,

156 1297 262 1350 quod
279 1305 365 1336 tum
383 1297 432 1336 de
449 1298 521 1336 isto
540 1296 764 1336 Dicaearcho
782 1309 860 1335 non
879 1296 1009 1334 minus
1028 1297 1126 1334 bene
1152 1294 1285 1333 existi-

155 1354 300 1400 mabat,
321 1364 440 1404 quam
465 1359 509 1390 tu
534 1350 583 1390 de
602 1350 648 1389 C·
666 1351 857 1399 Vestorio,
877 1363 948 1401 ego
967 1349 1015 1388 de
1043 1349 1106 1387 M.
1127 1349 1281 1397 Cluvio,

155 1418 234 1444 non
252 1406 466 1453 dubitabat,
492 1404 588 1458 quin
608 1405 643 1443 ei
670 1405 922 1443 crederemus.
952 1402 1129 1442 Arcadiae
1154 1414 1283 1441 cense-

155 1460 224 1498 bat
236 1473 315 1499 esse
332 1461 511 1511 Lepreon
534 1458 732 1511 quoddam
755 1458 1026 1503 maritimum3
1057 1456 1192 1495 Tenea
1210 1470 1282 1495 011

155 1519 250 1563 tem,
269 1521 307 1553 et
319 1514 524 1566 Aliphera,
544 1520 581 1552 et
599 1512 740 1562 'll-itia,
761 1527 958 1550 νεοκτιστα
977 1511 1011 1549 01
1023 1510 1280 1556 videbantur3

157 1567 274 1630 idque
294 1583 348 1616 τῳ
376 1584 446 1605 των
465 1582 548 1606 νεων
568 1573 765 1614 καταλογῳ
785 1565 1048 1614 confirmabat,
1075 1565 1145 1603 ubi
1171 1577 1281 1603 men-

158 1622 211 1661 tio
236 1633 314 1661 non
333 1622 377 1660 fit
394 1621 567 1660 istorum.
596 1621 730 1672 Atque
746 1620 866 1658 istum
885 1632 956 1670 ego
973 1620 1102 1657 10011111
1122 1618 1280 1657 totidem

156 1676 282 1715 verbis
314 1689 338 1714 a
365 1675 591 1715 Dicaearcho
619 1673 809 1714 transtuli.
841 1675 870 1697 ‘⁶
890 1672 1119 1712 Phliasios”
1150 1680 1280 1711 autem

156 1730 232 1769 dici
251 1729 435 1769 sciebam:
465 1737 503 1768 et
531 1729 586 1768 ita
606 1727 667 1768 fac
693 1736 739 1767 ut
755 1728 923 1767 habeas:
953 1740 1023 1766 nos
1042 1726 1201 1779 quidem
1226 1726 1281 1765 510

155 1785 357 1823 110110111115.
383 1783 460 1823 Sed
477 1783 603 1836 primo
624 1795 689 1822 me
711 1790 886 1829 αναλογια
903 1780 1116 1834 deceperat,
1141 1787 1279 1827 Φλιους,

156 1845 290 1888 Οπους,
317 1845 469 1885 Emonam
499 1837 605 1890 quod
632 1843 836 1884 Οπουντιοι,
859 1842 1066 1874 Σιπουντιοι.
1103 1834 1182 1874 Sed
1204 1834 1277 1874 hoc

152 1892 335 1932 continuo
350 1892 596 1932 correximus.

205 1946 349 1984 Laetari
367 1952 404 1985 te
421 1944 550 1985 1105110
567 1943 826 1984 moderatione
844 1942 1125 1983 etcontinentia
1143 1942 1273 1982 video.

150 2007 237 2038 tum
254 1999 296 2038 id
327 2000 450 2052 magis
481 2000 639 2047 faceres,
661 1998 693 2037 si
722 1998 881 2036 adesses.
918 1998 1055 2050 Atque
1077 1998 1150 2036 hoc
1174 1996 1272 2043 foro,

149 2053 256 2105 quod
270 2053 344 2115 egi,
357 2068 406 2093 ex
419 2054 555 2093 Idibus
570 2054 684 2092 Febr.
704 2052 905 2090 Laodiceae
923 2052 972 2090 ad
992 2051 1149 2091 Calend,
1166 2050 1274 2089 Mai-

148 2121 206 2157 as,
241 2108 417 2147 omnium
442 2107 676 2156 dioecesium,
707 2113 846 2158 praeter
883 2105 1041 2155 Ciliciae,
1079 2103 1271 2143 mirabilia

147 2161 327 2214 quaedam
357 2162 575 2202 effecimus.
614 2161 669 2200 ita
698 2161 833 2199 multae
861 2159 1031 2199 civitates
1060 2158 1167 2198 omni
1196 2171 1270 2197 aere

147 2215 271 2256 alieno
295 2216 478 2265 liberatae,
505 2217 640 2256 multae
665 2215 775 2255 valde
803 2214 940 2254 levatae
968 2220 1083 2254 sunt:
1113 2224 1264 2259 omnes,
