1513 2382
312 91 395 130 AD
424 88 719 130 DIVERSOS.
747 89 848 128 Lm.
869 89 963 128 XV.
996 89 1058 127 15.
1162 87 1237 126 105

259 197 371 248 (15.)
402 198 464 237 M.
480 198 532 237 T.
551 197 597 236 C.
626 199 672 239 C.
693 197 890 238 CASSIO
918 197 957 236 S.
979 197 1024 234 P.
1046 195 1099 234 D.

179 306 502 358 (Argumentum.
519 328 568 335 -
582 305 797 346 Consilium
820 318 934 344 suum
961 304 1010 342 de
1034 316 1110 342 non
1129 315 1239 341 reno-

125 360 248 398 vando
275 359 376 397 civili
405 360 504 398 bello
523 360 781 399 demonstrat:
818 359 976 398 Caesaris
996 358 1237 396 clementiam

125 414 282 452 laudat:
327 413 449 451 Italiae
470 415 634 464 gemitus
653 414 840 452 ostendit:
872 412 996 451 Cassii
1010 411 1237 449 sententiam

123 467 172 506 de
190 467 329 505 futuris
348 468 524 519 exquirit.
554 468 701 507 Caesare
719 467 859 505 iterum
878 474 915 504 et
934 465 1090 505 Servilio
1109 465 1235 512 Coss.)

183 575 271 613 Etsi
300 581 460 626 uterque
488 578 673 623 nostram,
705 589 772 627 spe
799 574 916 626 pacis,
947 580 985 611 et
1010 572 1096 611 odio
1125 571 1244 610 civilis

126 629 334 679 sanguinis,
361 630 488 667 abesse
517 643 540 667 a
565 630 655 668 belli
684 627 888 681 pertinacia
918 627 1061 672 voluit3
1091 634 1237 673 tamen,

127 682 280 734 quando
300 683 380 731 ejus
405 684 552 721 consilii
573 684 745 734 princeps
764 695 833 733 ego
855 681 969 720 fuisse
987 681 1128 727 videor,
1151 680 1240 730 plus

128 736 284 774 fortasse
303 736 372 773 tibi
397 744 574 787 praestare
593 737 672 788 ipse
696 739 827 782 debeo,
846 748 966 787 quam
991 748 1014 772 a
1033 743 1069 772 te
1088 746 1241 784 exspec-

127 797 218 828 tare.
255 790 340 827 Etsi
368 792 429 833 (ut
459 804 556 841 saepe
585 792 683 829 soleo
707 802 859 828 mecum
884 786 1086 837 recordari)
1117 799 1241 824 sermo

126 843 325 882 familiaris
360 856 468 882 meus
500 852 641 891 tecum,
676 851 712 882 et
743 844 835 881 item
864 855 1017 880 mecum
1044 849 1147 887 tuus,
1175 840 1244 877 ad-

128 897 240 935 duxit
269 905 478 948 utrumque
503 901 675 936 nostrum
700 898 749 935 ad
778 897 818 934 id
847 896 1062 943 consilium,
1090 902 1135 932 ut
1163 906 1242 931 uno

129 951 262 1002 proelio
294 959 529 1002 putaremus,
560 951 592 989 si
620 964 697 989 non
726 959 846 989 totam
878 962 1045 995 causam,
1077 956 1115 986 at
1145 954 1244 986 certe

129 1012 305 1043 nostrum
327 1004 531 1054 judicium,
560 1005 708 1043 definiri
733 1004 941 1043 convenire.
978 1003 1116 1054 Neque
1139 1001 1244 1052 quis-

131 1071 250 1110 quam
268 1058 366 1096 hane
383 1067 550 1096 nostram
570 1058 794 1097 sententiam
813 1071 898 1096 vere
925 1069 1098 1107 unquam
1117 1068 1244 1106 repre-

130 1111 277 1160 hendit,
304 1119 440 1163 praeter
458 1125 534 1160 eos,
562 1112 630 1164 qui
652 1112 882 1151 arbitrantur
899 1111 1037 1148 melius
1056 1121 1150 1155 esse,
1179 1108 1246 1146 de-

129 1165 200 1203 leri
217 1166 373 1203 omnino
395 1166 687 1217 rempublicam,
714 1178 829 1217 quam
856 1163 1103 1202 imminutam
1123 1170 1161 1200 et
1178 1161 1244 1200 de-

130 1219 318 1259 bilitatam
349 1232 514 1257 manere.
543 1221 631 1270 Ego
652 1228 780 1257 autem
803 1232 850 1256 ex
875 1217 1030 1255 interitu
1050 1218 1131 1266 ejus
1158 1216 1248 1253 nul-

132 1272 212 1311 lam
241 1286 349 1324 spem
379 1273 519 1311 scilicet
546 1273 644 1311 mihi
672 1274 959 1325 proponebam3
999 1284 1047 1309 ex
1079 1269 1249 1321 reliquiis

134 1338 330 1377 magnam.

189 1380 264 1418 Sed
284 1394 327 1418 ea
346 1389 434 1418 sunt
453 1389 664 1429 consecuta,
684 1389 729 1418 ut
751 1381 873 1432 magis
896 1380 1041 1421 mirum
1069 1378 1131 1425 sit,
1152 1377 1248 1416 acci-

134 1433 222 1472 dere
237 1434 305 1471 ina
331 1434 510 1485 potuisse,
538 1447 655 1485 quam
684 1447 752 1472 nos
779 1446 855 1472 non
874 1434 1011 1474 vidisse
1036 1446 1079 1470 ea
1103 1432 1247 1478 futura,

135 1499 219 1536 nec,
236 1487 408 1526 homines
427 1500 516 1525 cum
535 1501 716 1535 essemus,
736 1487 904 1528 divinare
922 1487 1100 1542 potuisse.
1126 1485 1253 1536 Equi-

137 1541 226 1579 dem
244 1540 378 1588 fateor,
396 1554 525 1579 meam
550 1542 804 1590 conjecturam
830 1542 930 1582 hanc
951 1540 1081 1585 fuisse,
1101 1546 1159 1585 ut,
1185 1538 1254 1576 isso

138 1594 248 1646 quasi
263 1595 429 1646 quodam
448 1595 555 1633 fatali
572 1596 703 1646 proelio
720 1596 834 1642 facto,
855 1604 892 1634 et
910 1597 1065 1635 victores
1079 1605 1253 1631 commu-

136 1648 178 1686 ni
208 1647 322 1686 saluti
351 1648 496 1687 consuli
523 1650 676 1696 vellent,
714 1657 751 1687 et
780 1649 870 1687 victi
899 1662 1004 1688 suae:
1046 1655 1255 1697 utrumque

137 1708 268 1740 autem
292 1703 460 1753 positum
487 1715 565 1741 esse
589 1703 797 1741 arbitrabar
818 1703 859 1740 in
887 1701 1074 1742 celeritate
1093 1699 1253 1738 victoris.

139 1755 242 1803 Quae
270 1756 302 1793 si
330 1756 476 1804 fuisset,
506 1756 680 1794 eamdem
707 1757 947 1795 clementiam
975 1762 1130 1806 experta
1157 1761 1252 1791 aeset

136 1809 285 1855 Africa,
300 1822 417 1861 quarn
436 1810 610 1860 cognovit
621 1810 733 1856 Asia,
753 1823 871 1861 quam
890 1811 1003 1848 etiam
1015 1807 1180 1852 Achaia,
1201 1814 1252 1854 et,

139 1870 186 1901 ut
211 1863 357 1914 opinor,
378 1864 461 1915 ipso
484 1864 610 1914 legato
632 1877 674 1901 ac
702 1864 950 1914 deprecatore.
983 1861 1154 1902 Amissis
1181 1874 1252 1898 au-

137 1922 218 1955 tem
245 1918 480 1968 temporibus
507 1921 613 1968 (quae
638 1918 852 1968 plurimum
877 1919 1017 1964 valent,
1046 1915 1257 1966 prasertim

136 1969 178 2008 in
201 1971 311 2009 bellis
338 1969 547 2020 civilibus),
576 1971 819 2022 interpositus
847 1984 969 2010 annus
989 1971 1081 2009 alios
1104 1968 1258 2007 induxit

139 2031 184 2062 ut
201 2024 397 2063 victoriam
416 2032 621 2076 sperarent,
642 2025 748 2073 alios,
761 2032 805 2062 ut
822 2025 950 2076 ipsum
968 2023 1069 2064 vinei
1085 2031 1256 2061 contem-

139 2084 285 2117 nerent.

190 2131 324 2184 Atque
347 2131 488 2171 horum
515 2132 705 2171 malorum
732 2132 907 2172 omnium
926 2131 1081 2184 culpam
1099 2129 1252 2170 fortuna
