1513 2382
313 97 708 145 ADATTICUM.
739 97 838 135 LIB.
871 97 944 136 IV.
980 97 1041 134 12.
1160 98 1238 133 255

340 205 453 256 (ll.)
485 204 702 245 CICERO
731 202 954 244 ATTICO
983 204 1022 243 S.

177 312 428 354 Delectarunt
455 326 519 351 me
549 312 716 364 epistolae
746 319 822 350 tuae
836 327 848 358 3
878 325 974 364 quas
1006 311 1132 362 accepi
1163 323 1242 350 uno

122 374 292 420 tempore
321 368 416 406 duas
439 375 526 406 ante
551 367 652 405 diem
673 365 717 403 II
738 366 896 405 Calend.
927 367 1050 416 Perge
1068 365 1241 416 reliqua=

122 422 242 472 gestio
267 422 360 460 scire
384 422 456 459 ista
478 420 620 460 omnia.
649 420 782 471 Etiam
812 420 911 458 inud
935 419 1150 468 cujusmodi
1180 419 1243 465 sit,

123 475 240 513 velim
250 475 473 526 perspicias:
494 481 601 526 potes
613 488 636 512 a
650 474 860 513 Demetrio.
891 473 1004 512 Dixit
1017 473 1114 510 mihi
1124 473 1243 510 Pom-

122 528 243 579 peius,
268 529 452 568 Crassum
477 542 499 566 a
521 542 560 566 se
577 528 618 565 in
634 529 788 566 Albano
811 527 1018 579 exspectari
1036 533 1123 564 ante
1142 526 1245 564 diem

125 582 190 621 IV
210 583 295 622 Cal.
326 583 368 621 ls
387 596 476 621 cum
491 582 667 628 venisset,
690 583 857 619 Romam
874 594 952 620 esse
967 581 1094 619 statim
1110 587 1246 618 ventu-

125 648 200 685 ros,
219 643 264 674 ut
290 637 454 674 rationes
482 649 572 674 cum
598 635 811 687 publicanis
838 641 1027 688 putarent.
1057 633 1245 681 Quaesivi,

125 689 477 740 gladiatoribusne?
500 689 727 740 Respondit,
744 697 952 741 antequam
966 688 1246 726 inducerentur.

127 743 179 781 ld
196 744 412 793 cujusmodi
428 744 490 792 sit,
511 751 578 781 aut
592 756 708 790 nunc,
726 743 756 781 si
781 744 889 792 scias,
912 750 980 780 aut
997 754 1088 781 cum
1106 742 1138 779 is
1166 742 1249 780 Ro-

128 809 235 835 mam
263 798 421 845 venerit‚
438 798 487 835 ad
506 810 568 834 me
581 797 726 844 mittas,
744 797 871 835 velim.

184 852 267 889 Nos
279 852 345 889 hic
359 864 538 889 voramus
552 851 680 888 literas
707 863 796 889 cum
817 850 973 889 homine
988 849 1147 887 mirifico
1161 847 1249 899 (ita,

128 905 360 953 mehercule,
377 905 513 950 sentio)
530 905 730 955 Dionysio,
750 905 870 956 quite
885 916 1093 955 omnesque
1107 916 1173 941 vos
1187 915 1251 940 sa-

129 959 240 996 lutat.
273 958 378 995 Ουδεν
394 966 626 1008 γλυκυτερον,
640 974 659 1001 η
677 961 783 995 παντ’
801 958 933 997 ειὸεναι.
962 958 1108 1005 Quare,
1123 964 1168 994 ut
1181 956 1251 994 ho-

131 1012 227 1050 mini
246 1012 405 1059 curioso,
421 1012 476 1050 ita
493 1012 681 1062 perscribe
700 1011 749 1049 ad
766 1025 843 1058 me,
871 1011 965 1063 quid
992 1011 1140 1062 primus
1156 1009 1250 1059 dies,

131 1066 226 1117 quid
245 1066 445 1113 secundus,
465 1065 560 1116 quid
578 1078 761 1109 censores,
782 1066 877 1117 quid
894 1066 1060 1116 Appius,
1075 1064 1170 1115 quid
1186 1063 1254 1101 illa

129 1120 264 1171 populi
279 1119 458 1170 Apuleia.
487 1119 682 1170 Denique,
702 1120 816 1157 etiam
833 1120 928 1171 quid
943 1132 966 1156 a
981 1126 1016 1157 te
1030 1119 1111 1166 fiat,
1128 1117 1177 1155 ad
1190 1130 1255 1155 me

131 1174 247 1211 velim
262 1175 426 1212 scribas:
456 1185 534 1210 non
549 1173 652 1210 enim
674 1173 739 1224 (ut
754 1187 840 1211 vere
856 1174 1077 1224 loquamur)
1096 1179 1176 1210 tam
1194 1184 1255 1210 re-

130 1229 204 1265 bus
219 1227 341 1275 novis,
360 1240 479 1278 quam
493 1226 569 1264 tuis
583 1227 716 1273 literis,
733 1227 908 1265 delector.

185 1282 274 1333 Ego
287 1294 454 1329 meeum,
475 1287 613 1332 praeter
631 1280 882 1332 Dionysium,
909 1280 1005 1318 duxi
1032 1279 1226 1318 neminem
1241 1293 1253 1316 :

131 1347 200 1373 nec
213 1343 344 1374 metuo
359 1343 502 1383 tamen,
525 1346 574 1372 ne
588 1334 685 1372 mihi
700 1348 822 1373 sermo
836 1335 932 1373 desit
947 1350 958 1372 ε
989 1336 1056 1373 abs
1070 1342 1123 1382 te,
1143 1346 1257 1385 opere

133 1389 309 1428 delector.
340 1390 406 1427 Tu
427 1388 591 1426 Lucceio
610 1396 785 1427 nostrum
805 1389 949 1426 librum
964 1388 1083 1427 dabis.
1112 1387 1258 1425 Deme-

134 1442 197 1480 trii
220 1443 415 1495 Magnetis
430 1443 501 1480 tibi
517 1443 653 1489 mitt03
685 1443 813 1481 statim
839 1450 885 1481 ut
899 1443 960 1492 sit,
977 1442 1045 1495 qui
1071 1455 1094 1480 a
1107 1448 1145 1480 te
1158 1440 1256 1479 mihi

136 1496 336 1548 epistolam
354 1496 504 1535 referat.

353 1652 468 1705 (12.)
499 1652 716 1693 CICERO
746 1652 970 1693 ATTICO
1000 1654 1039 1693 s.

191 1761 382 1812 Egnatius
397 1762 537 1799 Romae
550 1768 616 1799 est.
646 1761 722 1800 Sed
736 1774 806 1811 ego
829 1774 917 1799 cum
944 1773 1002 1807 eo,
1029 1759 1076 1798 de
1089 1773 1129 1798 re
1144 1758 1261 1797 Hali-

137 1816 245 1863 meti,
259 1815 501 1853 vehementer
517 1815 626 1852 Antii
641 1815 712 1865 egi.
743 1815 918 1853 Graviter
931 1828 970 1853 se
981 1822 1157 1852 acturum
1171 1826 1262 1851 cum

139 1869 300 1921 Aquilio
317 1869 567 1907 confirmavit.
596 1869 758 1907 Videbis
773 1881 860 1919 ergo
874 1868 1086 1915 hominem,
1099 1868 1131 1905 si
1145 1867 1260 1905 voles.

140 1923 319 1962 Macroni
337 1923 402 1961 vix
418 1922 547 1961 videor
562 1929 699 1973 praesto
717 1935 807 1960 esse.
851 1922 987 1961 Idibus
1002 1923 1104 1960 enim
1120 1921 1263 1959 auctio-

140 1990 232 2016 nem
248 1977 381 2015 Larini
395 1977 518 2024 video,
543 1986 580 2014 et
604 1976 768 2014 biduum
792 1984 983 2027 praeterea.
1016 1975 1063 2013 Id.
1079 1983 1138 2024 tu,
1168 1988 1264 2025 quo-

143 2031 249 2069 niam
280 2031 506 2069 Macronem
532 2030 628 2068 tanti
655 2030 761 2076 facis,
793 2031 964 2081 ignoscas
993 2029 1104 2076 mihi,
1133 2029 1261 2067 velim.

142 2085 233 2131 Sed,
249 2085 280 2122 si
295 2098 358 2122 me
377 2085 518 2135 diligis,
537 2084 718 2135 postridie
737 2084 926 2121 Calendas
947 2097 1051 2122 coena
1072 2083 1176 2135 apud
1200 2095 1264 2120 me

144 2151 232 2177 cum
250 2138 362 2177 Pilia.
395 2139 556 2176 Prorsus
570 2137 611 2175 id
625 2138 751 2176 facies.
782 2137 962 2177 Calendis
983 2138 1106 2188 cogito
1119 2137 1160 2175 in
1173 2136 1263 2174 hor-
