1513 2382
365 98 449 138 AD
475 98 762 138 ATTICUM.
790 100 891 138 L1B.
912 99 971 137 11.
1004 99 1064 136 15.
1196 99 1271 138 195

157 217 255 244 nus:
296 205 416 244 immo
446 206 512 244 ille
543 206 700 257 quidem
732 208 816 257 jam
852 205 1131 245 contubernalis
1147 218 1161 250 ς
1201 205 1270 256 qui

157 258 271 296 etiam
300 272 339 298 se
365 259 504 298 idcirco
527 261 698 298 Romam
726 260 781 299 ire
805 268 934 311 negat,
958 269 1003 298 ut
1031 260 1095 298 hic
1116 271 1270 297 mecum

155 318 253 350 totos
270 312 349 351 dies
372 313 669 364 philosophetur.
698 315 799 352 Ecce
823 327 871 352 ex
889 313 1007 351 altera
1025 320 1132 364 parte
1152 313 1269 350 Sebo-

156 377 234 414 sus,
253 365 317 404 ille
337 366 466 405 Catuli
485 367 693 405 familiaris.
723 367 815 415 Quo
839 380 903 405 me
920 368 1098 405 vertam?
1128 366 1268 404 Statim

160 419 409 469 (mehercule)
428 421 626 472 Arpinum
643 421 752 469 irem,
773 421 814 458 111
831 428 868 459 te
883 421 923 458 in
942 420 1148 458 Formiano
1167 431 1271 456 com-

158 473 378 511 modissime
410 474 617 525 exspectari
653 474 834 521 viderem,
874 474 1061 512 duntaxat
1092 473 1141 511 ad
1172 472 1270 524 prid.

160 524 265 564 Non.
285 527 425 565 Maias.
438 528 540 566 Vide
558 528 674 576 enim,
692 528 831 580 quibus
841 527 1062 566 hominibus
1075 539 1182 564 aures
1195 525 1271 564 sint

156 578 293 618 dedjtae
320 593 424 620 meae-
469 580 716 620 Occasionem
746 582 962 630 mirificam,
996 581 1027 619 si
1057 580 1124 632 qui
1153 591 1271 627 nunc,

157 632 253 671 dum
277 633 319 671 hi
342 634 445 686 apud
469 648 532 673 me
558 642 661 684 sunt,
683 649 806 674 emere
830 636 877 674 de
901 648 964 673 me
991 634 1159 672 fundum
1177 633 1273 671 For-

159 686 336 726 mianum
347 688 449 727 velit.
481 689 536 727 Et
555 696 682 727 tamen
702 689 798 727 illud
816 691 973 740 probem
988 691 1006 727 Ρ
1037 691 1064 711 “
1078 688 1273 738 Magnum

159 740 253 790 quid
270 743 548 792 aggrediamur,
570 750 606 780 et
624 744 758 781 multae
776 743 1010 794 cogitationis
1030 749 1143 792 atque
1162 740 1272 778 otii.''

159 793 236 833 Sed
253 801 382 834 tamen
401 796 555 834 satisfiet
573 809 596 834 a
610 797 733 845 nobis,
752 809 876 848 neque
893 802 1068 848 parcetur
1085 794 1218 833 labori.

376 956 492 1007 (15.)
531 957 742 998 CICERO
770 956 990 996 ATTICO
1020 957 1058 995 S.

215 1062 274 1101 Ut
292 1063 435 1112 scribis,
460 1065 515 1103 ita
532 1065 656 1112 video,
677 1078 754 1103 non
778 1065 908 1103 minus
932 1065 1074 1103 incerta
1092 1063 1132 1101 in
1150 1076 1191 1101 re
1206 1076 1280 1114 pu-

159 1116 272 1164 blica,
292 1130 410 1168 quam
428 1118 469 1156 in
495 1118 652 1169 epistol&⁴
670 1119 762 1156 tua:
794 1119 859 1157 sed
877 1126 1007 1157 tamen
1025 1117 1097 1156 ista
1114 1117 1196 1168 ipsa
1213 1129 1276 1155 me

161 1170 318 1209 varietas
347 1183 566 1210 sermonum
598 1172 900 1224 opinionumque
929 1172 1099 1210 delectat.
1136 1172 1276 1209 Romae

161 1224 264 1262 enim
290 1224 419 1263 videor
437 1238 530 1273 esse,
551 1238 640 1264 cum
658 1233 744 1264 tuas
765 1226 892 1264 literas
910 1227 1010 1276 lego,
1031 1233 1068 1262 et
1093 1226 1156 1276 (ut
1174 1225 1218 1262 fit
1236 1224 1277 1261 in

159 1278 275 1316 tantis
299 1278 430 1328 rebus)
457 1279 572 1317 modo
593 1279 679 1327 hoc,
706 1279 820 1317 modo
849 1279 961 1327 illud,
986 1278 1129 1316 audire.
1170 1277 1277 1316 Illud

159 1337 290 1370 tamen
307 1333 495 1383 explicare
513 1345 589 1370 non
607 1346 778 1385 possum,
799 1333 985 1384 quidnam
1003 1332 1172 1370 invenire
1189 1345 1277 1382 pos-

159 1385 222 1434 sit,
242 1386 350 1425 nullo
368 1394 575 1433 recusante,
598 1387 646 1424 ad
665 1387 885 1425 facultatem
904 1386 1104 1437 agrariam.
1140 1385 1275 1423 Bibuli

158 1446 288 1478 autem
304 1440 378 1478 ista
394 1440 620 1491 magnitudo
637 1441 756 1478 animi
769 1440 810 1477 in
821 1440 1062 1478 comitiorum
1081 1439 1276 1486 dilatione,

159 1493 256 1544 quid
271 1493 400 1541 habet,
420 1494 493 1532 nisi
510 1494 630 1545 ipsius
641 1494 844 1544 judicium,
861 1494 941 1531 sine
952 1494 1034 1531 ulla
1053 1493 1278 1531 correctione

160 1546 409 1598 reipublicae?
439 1548 639 1586 Nimirum
664 1548 705 1586 in
731 1548 872 1586 Publio
898 1560 983 1599 spes
1002 1554 1077 1585 est:
1108 1547 1189 1595 fiat,
1209 1547 1277 1584 fiat

161 1600 338 1639 tribunus
365 1602 510 1652 plebis:
541 1602 572 1640 si
596 1602 694 1639 1111111
725 1602 844 1649 aliud,
873 1609 918 1639 ut
947 1614 991 1639 eo
1019 1600 1130 1639 citius
1154 1607 1197 1637 tu
1228 1613 1277 1637 ex

161 1653 282 1705 Epiro
310 1663 518 1694 revertare:
549 1667 654 1702 nam,
682 1663 727 1693 ut
749 1655 816 1692 illo
838 1662 881 1693 tu
907 1667 1045 1702 careas,
1072 1666 1149 1691 non
1168 1653 1278 1691 video

161 1721 273 1759 posse
291 1708 372 1746 fieri
387 1722 399 1753 ς
426 1709 635 1760 praesertim
653 1709 684 1747 si
702 1722 853 1747 mecum
873 1707 1018 1759 aliquid
1030 1708 1130 1745 volet
1147 1707 1279 1757 dispu-

162 1768 255 1800 tare.
284 1762 360 1801 Sed
378 1762 418 1800 id
436 1763 593 1814 quidem
620 1775 697 1801 non
717 1762 880 1800 dubium
900 1770 968 1809 est,
999 1761 1108 1812 quin,
1135 1761 1165 1798 si
1184 1760 1279 1812 quid

165 1815 236 1853 erit
247 1816 447 1866 ejusmodi,
464 1817 513 1854 sis
527 1817 782 1854 advolaturus.
799 1816 962 1863 Verum,
978 1823 1022 1852 ut
1035 1815 1106 1852 hoc
1120 1827 1196 1852 non
1209 1814 1277 1859 sit3

166 1876 310 1918 tamen,
327 1883 392 1908 seu
411 1878 510 1919 ruet,
524 1884 588 1908 seu
609 1871 726 1921 eriget
744 1870 1034 1920 rempublicam,
1055 1869 1280 1919 praeclarum

163 1925 424 1974 spectaculum
441 1924 539 1962 mihi
555 1937 740 1976 propono,
759 1924 874 1962 modo
893 1930 930 1961 te
944 1935 1154 1961 consessore
1173 1934 1280 1973 spec-

167 1983 248 2015 tare
260 1977 384 2016 liceat.

218 2030 321 2069 Cum
352 2032 434 2070 haec
457 2032 626 2070 maxime
655 2032 871 2076 scriberem,
899 2042 982 2069 ecce
1010 2029 1080 2068 tibi
1103 2031 1275 2068 Sebosus.

165 2085 352 2122 Nondum
371 2086 485 2136 plane
509 2086 797 2136 ingemueran13
828 2085 954 2125 Salve,
980 2083 1108 2135 inquit
1125 2083 1279 2122 Arrius.

168 2138 256 2176 Hoc
273 2146 328 2176 est
347 2139 476 2177 Roma
493 2139 670 2177 decedere
684 2142 701 2177 :³
732 2138 842 2186 Quos
861 2151 930 2189 ego
947 2137 1122 2177 homines
1147 2135 1280 2187 effugi,

171 2203 258 2228 cum
277 2192 317 2229 in
331 2192 402 2230 hos
420 2192 568 2231 incidi?
597 2192 685 2243 Ego
704 2205 792 2231 vero
