1513 2382
208 79 286 122 272
431 78 515 116 AD
543 77 831 116 ATTICUM.
858 78 958 117 Lm.
990 77 1042 116 V.
1068 78 1108 116 3.

210 185 322 233 dum,
355 185 460 237 quod
489 185 613 224 audiri
649 198 727 224 non
760 184 978 224 laborarit?
1019 184 1096 224 Sed
1132 184 1245 256 redeo
1278 184 1331 223 ad

211 239 323 276 illud.

268 292 362 331 Noli
379 300 515 344 putare
533 293 630 331 mihi
649 293 766 331 aliam
790 292 1085 332 consolationem
1104 305 1184 331 esse
1212 268 1332 342 hujus

210 347 375 397 ingentis
403 347 600 394 molestiae‚
633 347 706 385 nisi
739 347 842 398 quod
874 359 984 398 spero
1012 359 1090 384 11011
1121 346 1333 398 longiorem

211 413 341 438 annua
358 400 450 438 fore.
479 401 569 439 Hoc
586 413 649 439 me
667 401 721 438 ita
739 401 836 439 velle
853 400 969 438 multi
992 412 1070 438 non
1090 400 1262 447 credunt,
1282 413 1331 438 ex

211 454 482 492 consuetudine
501 455 675 492 aliorum.
705 454 783 502 Tu,
805 454 874 506 qui
892 454 976 494 scis.
996 467 1151 492 omnem
1170 454 1332 506 diligen-

211 507 308 545 tiam
327 508 538 555 adhibebis,
559 516 643 546 tum
663 509 817 555 58111881,
838 520 927 546 811111
945 507 985 545 1(1
1003 508 1067 558 agi
1084 507 1248 547 debebit.

266 561 369 600 Cum
389 575 436 599 ex
465 561 587 612 Epiro
617 562 786 607 redieris,
812 561 860 599 (18
889 574 929 598 18
948 560 1101 612 publica
1123 562 1262 600 scribas
1280 560 1331 598 ad

210 627 274 652 me
308 616 437 661 velim,
472 615 503 652 si
533 615 628 666 quid
657 615 741 661 8111,
772 614 876 666 quod
904 615 1110 665 opperiare.
1141 615 1332 653 Nondum

212 669 314 706 enim
333 669 423 706 satis
451 668 528 706 huc
547 676 626 707 erat
647 669 824 716 allatum,
851 668 1045 720 quomodo
1073 667 1201 706 Caesar
1217 668 1332 706 ferret

211 722 259 760 de
278 722 499 760 auctoritate
522 723 756 773 perscripta:
787 730 943 773 eratque
960 734 1092 760 rumor
1117 722 1164 761 de
1185 722 1332 760 Trans-

211 775 385 825 padanis,
418 788 480 814 eos
510 777 636 825 jussos
665 777 949 828 quatuor-viros
987 788 1123 814 creare.
1153 775 1275 824 Quod
1300 775 1332 813 si

210 829 264 867 ita
283 837 352 876 est,
372 842 533 880 magnos
556 837 685 869 motus
705 830 834 869 timeo.
863 829 941 869 Sed
969 829 1116 882 aliquid
1135 836 1184 868 ex
1212 830 1332 869 Pom·

213 896 299 933 pero
319 896 448 923 sciam.

452 1045 541 1095 (3.)
572 1043 785 1084 CICERO
814 1044 1038 1084 ATTICO
1066 1045 1108 1084 S.

267 1151 322 1188 A.
356 1151 394 1189 d.
429 1151 494 1190 VI
524 1152 585 1190 Id.
618 1151 761 1200 Maias,
788 1152 876 1191 veni
904 1152 947 1190 in
977 1152 1246 1191 Trebulanum
1281 1151 1332 1190 ad

216 1204 413 1243 Pontium.
442 1206 506 1244 Ibi
535 1206 633 1243 mihi
666 1214 743 1244 tuae
779 1207 898 1245 literae
929 1206 1031 1245 binae
1057 1205 1215 1244 redditae
1243 1212 1333 1244 sunt

217 1258 327 1296 tertio
348 1261 415 1297 abs
444 1266 482 1297 te
511 1259 596 1297 die:
628 1260 760 1298 eodem
784 1268 929 1307 autem,
962 1258 1114 1308 [exiens
1138 1260 1179 1311 e]
1213 1259 1332 1297 Pom-

213 1311 364 1362 peiano,
385 1312 594 1351 Philotimo
619 1313 798 1352 dederam
824 1314 875 1352 ad
898 1321 936 1351 te
959 1313 1116 1352 literas:
1145 1325 1216 1352 nec
1245 1325 1333 1352 vero

217 1378 321 1404 nunc
339 1374 419 1404 erat
438 1379 543 1414 sane,
564 1367 668 1418 quod
688 1367 900 1406 scriberem.

269 1419 352 1467 Qui
370 1420 417 1458 de
436 1433 476 1458 re
493 1420 646 1472 publica
662 1434 847 1468 rumores,
867 1420 1000 1468 scribe,
1017 1433 1171 1472 quaeso:
1202 1420 1244 1459 in
1261 1433 1333 1473 op-

215 1473 314 1524 pidis
352 1474 455 1511 enim
488 1487 686 1512 summum
719 1475 828 1513 video
864 1475 1066 1520 timorem3
1107 1474 1173 1513 sed
1207 1475 1334 1513 multa

215 1527 356 1565 inania.
386 1527 494 1575 Quid
512 1528 560 1566 de
578 1528 624 1566 iis
643 1528 796 1578 cogites,
816 1536 853 1566 et
870 1529 1039 1580 quando,
1064 1528 1157 1567 scire
1175 1528 1304 1567 velim.

272 1580 337 1618 Ad
366 1594 461 1631 quas
478 1582 605 1620 literas
629 1582 700 1620 tibi
718 1582 870 1620 rescribi
889 1583 996 1630 velis,
1023 1583 1160 1621 nescio.
1189 1583 1333 1620 Nullas

218 1635 319 1673 enim
347 1635 472 1673 adhuc
497 1648 728 1687 acceperam,
752 1644 888 1687 praeter
913 1650 1001 1688 quae
1018 1636 1116 1674 mihi
1133 1635 1235 1675 binae
1261 1634 1335 1685 [si-

218 1690 322 1740 mul]
354 1689 395 1726 in
424 1689 646 1727 Trebulano
675 1690 832 1727 redditae
863 1698 978 1728 sunt:
1010 1703 1176 1741 quarum
1204 1690 1333 1728 alterae

220 1743 387 1781 edictum
418 1743 463 1780 P.
498 1743 639 1781 Licinii
671 1743 877 1790 habebant,
914 1745 1040 1795 (erant
1069 1752 1200 1782 autem
1225 1744 1332 1782 Nona

220 1797 338 1834 Maiis
367 1795 500 1846 datae),
531 1797 658 1835 alterae
675 1798 864 1848 rescriptae
887 1798 937 1835 ad
954 1810 1059 1836 meas
1085 1797 1335 1836 Minturnen-

219 1864 288 1888 ses.
317 1849 451 1897 Quam
477 1864 619 1899 vereor,
646 1864 694 1889 ne
724 1851 819 1902 quid
845 1850 962 1889 fuerit
995 1851 1265 1903 σπουδαιοτερον
1292 1851 1335 1890 111

217 1904 278 1950 115,
299 1917 394 1955 quas
413 1917 490 1942 non
509 1906 649 1956 accepi,
669 1905 809 1956 quibus
826 1905 979 1943 rescribi
997 1904 1079 1942 vis!

273 1958 394 2008 Apud
413 1958 626 1996 Lentulum
645 1971 788 2010 ponam
805 1967 843 1997 18
859 1958 901 1996 111
918 1958 1093 2009 gratiam.
1123 1957 1335 2010 Dionysius

219 2012 328 2049 1101115
347 2011 450 2049 cordi
469 2020 535 2050 est.
566 2013 736 2051 Nicanor
753 2020 843 2050 tuus
861 2025 1016 2064 operam
1035 2011 1132 2050 mihi
1145 2012 1211 2050 dat
1229 2025 1335 2063 egre-

219 2065 336 2115 giam.
365 2066 461 2103 Jam
493 2066 611 2111 deest,
646 2066 750 2117 quod
782 2066 969 2111 scribam;
1000 2072 1036 2104 et
1063 2066 1178 2104 lucet.
1208 2066 1334 2105 Bene-

221 2119 323 2158 venti
355 2119 568 2170 cogitabam
593 2120 716 2159 hodie.
748 2121 892 2159 Nostra
921 2119 1152 2159 continentia
1180 2127 1218 2158 et
1246 2119 1335 2158 dili-
