1513 2382
221 103 273 141 20
397 99 480 138 AD
502 98 799 140 DIVERSOS.
832 99 932 138 Lm.
953 97 1077 138 XIIL
1102 99 1167 138 18.

220 209 398 261 ciamque
424 207 480 255 id,
508 207 613 259 quod
635 207 774 247 debent
802 207 925 247 facere
945 207 988 256 ii,
1011 207 1080 259 qui
1104 205 1278 258 religiose
1304 214 1344 246 et

222 263 302 302 sine
331 262 539 301 ambitione
568 262 848 300 commendant.
888 261 1093 313 Spondebo
1124 261 1228 299 enim
1256 261 1342 308 tibi,

222 318 284 356 vel
301 316 430 368 potius
448 315 629 366 spondeo,
650 316 691 354 in
710 328 849 367 meque
863 314 1016 366 recipio,
1038 327 1100 353 eos
1119 327 1197 353 esse
1216 314 1345 352 Manii

223 370 333 410 Curii
364 382 504 416 moreS,
537 382 698 420 eamque
727 377 813 406 tum
843 369 1087 420 probitatem,
1122 375 1207 406 tum
1229 370 1345 407 etiam

221 425 520 469 humanitatem,
547 431 593 460 ut
618 436 707 461 eum
734 430 771 460 et
790 422 958 460 amicitia
979 422 1061 469 tua,
1081 428 1120 460 et
1136 429 1217 460 tam
1235 435 1347 460 accu-

223 477 305 516 rata
324 476 670 524 commendatione,
691 476 722 514 si
747 476 817 514 tibi
836 476 884 514 sit
909 476 1096 527 cognitus,
1115 475 1278 526 dignum
1296 475 1347 514 sis

225 531 526 570 existimaturus.
566 530 672 568 Mihi
704 538 802 568 certe
839 529 1101 580 gratissimum
1134 529 1279 578 feceris,
1313 529 1347 567 si

224 585 461 630 intellexero,
492 584 561 621 has
596 584 724 622 literas
756 591 923 630 tantum,
958 590 1148 634 quantum
1179 584 1346 622 scribens

228 638 478 686 confidebam,
499 637 604 689 apud
622 645 659 676 te
680 637 830 689 pondus
848 637 1039 676 habuisse.
1069 637 1182 676 Vale.

448 796 564 851 (18.)
597 796 812 837 CICERO
840 796 1052 836 SERVIO
1081 798 1122 837 s.

284 906 611 958 (Argumentum.
632 929 685 936 —
705 906 858 946 Gratias
880 906 973 957 agit,
1004 905 1109 958 quod
1133 905 1280 957 optim&
1303 905 1345 944 in

228 959 408 998 Atticum
427 962 621 999 voluntate
640 961 702 1009 sit,
723 974 839 1013 quem
858 960 953 999 dum
972 960 1231 998 commendari
1254 959 1346 998 dicit

229 1026 377 1053 necesse
394 1027 471 1053 non
491 1028 583 1062 esse,
604 1028 647 1054 eo
661 1015 743 1066 ipso
761 1014 871 1053 valde
886 1014 1141 1062 commendat,
1161 1026 1238 1065 quo
1256 1014 1344 1052 Ser-

227 1068 312 1107 vius
331 1068 365 1107 ei
381 1081 506 1121 neque
524 1069 565 1107 in
579 1069 783 1122 Epiroticis
792 1081 917 1120 neque
929 1068 970 1106 in
988 1068 1072 1107 aliis
1085 1069 1199 1106 rebus
1215 1066 1344 1115 desit.)

281 1176 374 1215 Non
406 1177 623 1224 concedam,
652 1184 696 1216 ut
723 1177 856 1215 Attico
882 1184 1034 1238 nostro,
1057 1189 1174 1228 quem
1199 1175 1344 1214 elatum

227 1229 361 1268 laetitia
380 1231 474 1280 vidi,
492 1231 736 1281 jucundiores
767 1238 858 1278 tuae,
879 1230 1101 1269 suavissime
1123 1230 1172 1268 ad
1197 1242 1286 1268 eum
1305 1236 1344 1267 et

228 1283 505 1323 humanissime
538 1285 699 1337 scriptae,
732 1285 851 1323 literae
885 1284 1042 1333 fuerint,
1081 1297 1199 1336 quam
1234 1283 1346 1321 1111111.

229 1338 350 1386 Nam,
372 1339 441 1377 etsi
458 1339 612 1391 utrique
629 1341 800 1377 nostrum
815 1351 936 1399 prope
955 1352 1063 1390 aeque
1080 1345 1197 1389 gratae
1221 1342 1343 1385 erant,

232 1398 362 1429 tamen
387 1405 457 1443 ego
487 1393 703 1431 admirabar
721 1392 858 1443 magis,
879 1400 930 1441 te,
951 1392 1061 1444 quasi
1078 1398 1246 1443 rogatus,
1277 1396 1346 1429 aut

231 1453 329 1484 certe
340 1446 571 1495 admonitus,
584 1446 788 1485 liberaliter
797 1446 930 1484 Attico
941 1445 1210 1498 respondisses,
1221 1443 1346 1496 (quod

231 1506 361 1537 tamen
391 1499 554 1539 dubium
581 1501 705 1547 nobis,
730 1501 824 1552 quin
846 1500 901 1538 ita
921 1500 1100 1538 futurum
1119 1499 1249 1547 fuerit,
1268 1509 1346 1536 non

233 1551 331 1603 erat)
363 1553 465 1592 ultro
502 1554 551 1591 ad
580 1567 670 1592 eum
699 1555 902 1606 scripsisse,
934 1554 1046 1606 eique
1073 1565 1144 1592 nec
1174 1551 1350 1604 opinanti

230 1607 467 1646 voluntatem
498 1614 606 1646 tuam
637 1615 784 1646 tantam
815 1621 882 1659 per
912 1608 1040 1646 literas
1064 1605 1255 1645 detulisse.
1283 1605 1349 1644 De

234 1674 310 1712 quo
329 1673 406 1699 11011
434 1661 549 1700 modo
567 1675 698 1713 rogare
717 1670 767 1709 te,
793 1669 837 1700 ut
856 1674 899 1700 eo
922 1660 1127 1700 studiosius
1145 1673 1234 1699 mea
1251 1672 1349 1712 quo-

233 1727 309 1765 que
327 1715 441 1754 causa
457 1715 587 1764 facias,
606 1729 683 1753 non
702 1716 835 1762 debeo,
859 1716 975 1767 (1111111
993 1715 1096 1754 0111111
1115 1713 1349 1752 cumulatius

233 1768 315 1806 fieri
332 1776 468 1820 potest,
490 1783 608 1821 quam
633 1767 838 1820 polliceris)
872 1769 938 1808 sed
965 1781 1014 1808 ne
1032 1768 1172 1820 gratias
1190 1767 1348 1819 quidem

233 1834 357 1873 agere,
378 1822 482 1874 quod
500 1830 543 1861 tu
563 1831 599 1862 et
617 1824 736 1875 ipsius
756 1837 870 1862 causa
888 1831 926 1862 et
943 1823 1012 1862 tua
1025 1829 1158 1874 sponte
1175 1821 1320 1860 feceris.

287 1876 394 1914 Illud
408 1884 537 1915 tamen
556 1877 694 1925 dicam,
714 1877 812 1915 1111111
829 1878 882 1924 id,
899 1877 1004 1929 quod
1016 1876 1150 1924 fecisti,
1170 1888 1249 1914 esse
1262 1887 1351 1926 graf

234 1930 437 1969 tissimum.
466 1931 565 1969 Tale
590 1932 693 1970 enim
711 1939 824 1970 tuum
839 1932 1045 1981 judicium,
1065 1930 1113 1968 de
1130 1929 1285 1967 homine
1303 1940 1349 1967 eo

234 1997 350 2036 quem
367 1985 479 2023 unice
496 1985 628 2036 diligo,
648 1997 725 2024 non
749 1993 873 2046 potest
889 1986 988 2023 mihi
1006 1996 1084 2023 non
1102 1995 1255 2022 summe
1271 1995 1351 2021 osse

232 2038 462 2089 jucundum.
492 2038 610 2086 Quod
640 2052 728 2078 cum
761 2039 815 2077 ita
839 2039 901 2087 sit,
930 2052 1008 2078 esse
1026 2044 1179 2090 gratum
1203 2048 1353 2075 necesse

236 2099 303 2131 aet.
332 2091 408 2132 Sed
426 2099 568 2141 tamen,
596 2106 686 2132 cum
703 2093 814 2141 mihi,
834 2106 904 2144 pro
922 2092 1187 2143 conjunctione
1204 2089 1349 2136 nostra,

239 2146 297 2185 vel
326 2158 479 2197 peccare
504 2147 607 2198 apud
636 2155 673 2186 te
702 2147 742 2185 in
771 2147 968 2186 scribendo
995 2147 1111 2193 licet3
1141 2152 1350 2195 utrumque

238 2211 383 2249 eorum,
403 2214 490 2252 quae
508 2202 641 2253 negavi
656 2201 753 2240 mihi
767 2201 937 2241 facienda
953 2214 1044 2249 esse,
1064 2199 1213 2239 faciam.
1243 2197 1350 2237 Nam
