1513 2382
307 91 391 132 AD
418 90 717 132 DIVERSOS.
747 91 849 131 Lm.
877 91 998 132 XVI.
1031 93 1093 130 12.
1192 92 1267 131 1⁴23

147 199 233 251 ant)
271 200 546 252 impedimento
577 201 675 239 mihi
707 201 865 240 fuerunt
900 200 1082 239 omninox
1113 210 1152 240 et
1187 201 1269 252 ipse

147 255 290 303 Caesar,
309 255 456 294 amicus
474 262 614 305 noster,
632 255 802 294 minaces
821 255 871 294 ad
900 262 1075 294 senatum
1105 264 1142 294 et
1166 268 1270 293 acer-

147 310 214 347 bas
238 308 366 348 literas
401 309 580 354 miserat;
612 317 650 348 et
678 320 758 348 erat
788 310 914 348 adhuc
944 309 1166 360 impudens,
1200 309 1270 361 qui

145 363 353 401 exercitum
384 370 421 402 et
446 364 682 415 provinciam
714 364 834 402 invito
865 370 999 402 senatu
1029 371 1197 402 teneret:
1231 371 1269 401 et

143 416 262 455 Curio
273 429 382 456 meus
394 418 505 456 illum
518 418 712 456 incitabat.
741 418 938 455 Antonius
953 417 1111 469 quidem
1126 424 1267 463 noster,

142 477 180 508 et
199 471 250 518 Q.
269 471 436 520 Cassius,
457 472 567 510 nulla
585 473 624 512 vi
637 472 802 525 expulsi,
816 472 865 509 ad
878 472 1067 511 Caesarem
1082 485 1172 510 cum
1185 471 1267 510 Cu-

141 523 248 563 rione
268 526 426 576 profecti
444 533 562 564 erant.

195 579 453 631 Posteaquam
472 589 626 619 senatus
640 580 875 629 consulibus,
888 580 1129 632 praetoribus,
1146 580 1269 618 tribu-

139 632 199 670 nis
217 634 353 684 plebis,
368 642 404 672 et
422 636 530 673 nobis
550 636 618 687 qui
636 636 879 687 proconsules
902 647 1050 682 sumus,
1066 635 1266 686 negotium

139 686 309 735 dederat,
330 696 374 725 ut
393 701 625 737 curaremus,
642 703 690 728 ne
710 689 804 741 quid
823 689 1037 740 respublica
1049 688 1268 726 detrimenti

140 749 317 792 caperet;
346 754 549 794 nunquam
576 745 723 794 majore
747 743 788 781 in
816 743 985 794 periculo
1013 743 1144 781 civitas
1167 743 1266 780 fuit:

141 807 345 847 nunquam
373 796 540 848 improbi
569 797 668 836 cives
697 798 917 836 habuerunt
945 797 1173 848 paratiorem
1197 797 1271 834 du-

140 862 235 887 cem.
277 850 452 889 Omnino
483 864 530 889 ex
559 852 632 890 hac
663 864 818 903 quoque
845 857 953 903 parte
980 850 1269 901 diligentissime

139 912 396 955 comparatur.
427 904 476 943 Id
487 905 532 943 fit
546 906 769 944 auctoritate
789 912 826 943 et
844 904 971 943 studio
986 905 1164 957 Pompeii
1182 917 1270 943 nos-

140 957 202 1005 tri,
224 958 291 1009 qui
311 958 502 997 Caesarem
522 972 604 998 sero
623 959 737 1011 coepit
755 959 903 997 timere.

195 1012 337 1060 Nobis,
356 1012 456 1050 inter
483 1013 553 1051 has
582 1015 731 1062 turbas,
752 1020 905 1052 senatus
933 1020 1064 1051 tamen
1088 1012 1269 1064 frequens

140 1065 326 1117 flagitavit
343 1065 587 1117 triumphum
604 1082 615 1104 :
646 1067 712 1106 sed
730 1067 924 1105 Lentulus
937 1067 1083 1114 consul,
1097 1080 1176 1118 quo
1186 1079 1271 1105 ma-

137 1121 203 1170 jus
222 1132 337 1158 suum
356 1121 585 1159 beneficium
602 1121 756 1169 faceret,
783 1120 901 1159 simul
919 1128 1036 1172 atque
1055 1121 1271 1172 expedisset

140 1187 229 1225 quae
247 1180 371 1212 essent
388 1175 598 1214 necessaria
615 1175 663 1214 de
681 1188 722 1214 re
740 1175 912 1226 publica,
938 1175 1038 1213 dixit
1062 1188 1101 1213 se
1128 1175 1268 1213 relatu-

140 1241 242 1266 rum.
286 1229 372 1267 Nos
402 1228 554 1279 agimus
577 1229 677 1267 nihil
706 1229 870 1281 cupide3
900 1242 1022 1281 eoque
1054 1236 1111 1267 est
1141 1238 1271 1268 nostra

140 1282 262 1332 pluris
294 1283 510 1322 auctoritas.
559 1283 684 1322 Italiae
720 1284 893 1335 regiones
930 1283 1127 1335 descriptae
1163 1293 1268 1333 sunt,

138 1349 258 1386 quam
278 1337 441 1388 quisque
458 1345 609 1389 partem
631 1345 814 1377 tueretur.
855 1339 941 1376 Nos
967 1338 1143 1389 Capuam
1163 1351 1270 1376 sum-

138 1389 271 1429 simus.
312 1391 412 1430 Haec
430 1398 468 1430 te
487 1392 581 1431 scire
608 1392 725 1431 volui.
767 1393 834 1431 Tu
863 1392 979 1430 etiam
1007 1399 1123 1443 atque
1150 1391 1267 1430 etiam

137 1457 229 1482 cura
256 1452 301 1482 ut
327 1445 480 1492 valeas3
509 1446 715 1498 literasque
745 1446 795 1484 'ad
827 1459 891 1484 me
924 1446 1069 1494 mittas,
1101 1445 1269 1497 quoties-

135 1511 302 1550 cumque
320 1499 493 1547 habebis,
513 1501 577 1539 eui
594 1501 674 1540 des.
713 1500 848 1539 Etiam
876 1507 992 1553 atque
1019 1500 1135 1539 etiam
1165 1501 1262 1539 vale.

135 1552 188 1591 D.
205 1552 328 1605 pridie
345 1553 442 1594 Idus
459 1554 490 1593 J
491 1566 554 1593 an.

232 1722 347 1774 (12.)
378 1724 440 1763 Μ.
456 1725 503 1763 Τ.
521 1723 570 1765 C.
596 1724 805 1766 TIRONI
836 1725 947 1765 SUO
978 1725 1018 1764 S.
1035 1724 1081 1764 P.
1098 1725 1155 1764 D.

203 1823 794 1877 (Argumentum.—Deplorat
832 1834 975 1865 statum
1014 1826 1259 1878 reipublieaez

134 1875 244 1915 initia
267 1878 359 1916 belli
383 1879 505 1917 civilis
533 1881 716 1932 exponit:
749 1881 951 1929 Tironem,
972 1888 1017 1918 ut
1035 1881 1264 1920 valetudinis

134 1932 323 1970 rationem
337 1932 529 1973 rediturus
545 1934 700 1982 habeat,
720 1933 934 1984 admonet.)

188 2038 281 2087 Quo
298 2039 340 2078 in
358 2039 578 2080 discrimine
597 2050 768 2082 versetur
786 2043 890 2081 salus
911 2056 999 2083 mea
1017 2051 1055 2083 et
1071 2045 1262 2083 bonorum

132 2093 309 2141 omnium
328 2101 445 2146 atque
471 2095 660 2135 universae
686 2097 921 2149 reipublicae,
950 2112 998 2137 ex
1017 2112 1061 2137 eo
1080 2098 1174 2137 scire
1192 2111 1262 2149 po-

133 2153 204 2194 tes,
224 2147 329 2198 quod
354 2148 489 2189 domos
508 2157 670 2200 nostras,
692 2158 729 2190 et
747 2151 911 2203 patriam
930 2151 1056 2204 ipsam
1081 2153 1141 2191 vel
1169 2152 1262 2190 diri-

132 2199 313 2251 piendam
333 2202 394 2242 vel
405 2203 741 2256 inflammandam,
753 2205 994 2258 reliquimus.
1024 2206 1074 2246 In
1093 2219 1183 2246 eum
1202 2207 1260 2246 lo-
