1513 2382
340 56 423 96 AD
453 57 748 96 DIVERSOS.
779 57 880 94 LIB.
902 56 999 95 XV.
1026 58 1091 102 17.
1204 60 1280 105 107

162 164 340 211 Insuber,
375 163 602 215 Epicureus,
637 164 704 216 qui
736 176 860 214 nuper
890 170 946 202 est
977 171 1166 216 mortuus,
1197 181 1286 219 quae

163 219 228 257 ille
247 216 480 268 Gargettius,
507 219 623 256 etiam
651 225 738 256 ante
764 217 1025 266 Democritus,
1050 219 1194 268 ειὸωλα,
1221 222 1285 262 hic

164 278 309 324 spectra
328 271 512 310 nominat.

231 324 307 364 His
340 333 470 364 autem
506 326 661 377 spectris
698 325 846 364 etiamsi
873 326 975 364 oculi
1001 327 1146 378 possint
1169 329 1286 379 feriri,

163 380 267 432 quod
285 379 346 417 vel
364 379 447 431 ipsa
466 388 681 427 accurrunt,
702 380 854 418 animus
879 381 949 431 qui
971 381 1104 432 possit,
1121 395 1190 433 ego
1209 396 1288 422 non

161 435 283 473 video.
312 432 460 472 Doceas
483 441 526 471 tu
548 447 626 481 me,
646 433 847 485 oportebit,
869 446 959 472 cum
978 435 1104 474 salvus
1123 437 1284 486 veneris,

161 489 201 526 in
227 487 363 526 meane
381 494 564 538 potestate
588 488 636 526 sit
655 496 846 539 spectrum
870 495 1000 536 tuum,
1026 495 1082 537 ut,
1107 488 1224 528 simul
1242 505 1286 531 ac

160 542 260 580 mihi
292 541 504 580 collibitum
529 541 577 580 sit
607 541 654 579 de
679 548 717 579 te
750 542 926 592 cogitare,
957 542 1056 580 illud
1088 553 1258 584 accurrat
1271 560 1283 584 ε

161 608 286 647 neque
304 595 430 634 solum
448 595 495 633 de
513 602 564 642 te,
578 595 646 647 qui
659 595 756 633 mihi
774 596 892 634 haeres
910 595 951 633 in
970 596 1150 636 medullis
1167 612 1179 644 ;
1201 599 1283 648 sed,

163 649 195 688 si
213 650 382 688 insulam
400 648 644 688 Britanniam
672 662 817 701 coepero
843 649 1021 700 cogitare,
1042 651 1124 700 ejus
1143 653 1286 691 ειδωλον

164 703 262 742 mihi
280 703 430 742 advolet
448 702 496 741 ad
514 710 659 754 pectus.

218 757 295 796 Sed
312 757 394 796 haec
411 756 624 808 posterius:
655 763 760 795 tento
779 756 882 795 enim
901 764 953 803 te,
977 770 1054 809 quo
1074 759 1203 798 animo
1221 773 1285 799 ac.

164 811 293 862 cipias.
323 811 366 849 Si
384 811 487 849 enim
505 811 802 858 stomachabere,
818 818 855 849 et
873 811 1031 850 moleste
1043 812 1153 861 feres,
1173 814 1286 865 plura

164 866 361 904 dicemus:
403 864 774 916 postulabimusque,
813 877 862 902 ex
889 865 968 916 qu‘a
995 865 1141 916 haeresi,
1174 870 1202 890 ‘⁶
1231 868 1283 917 vi,

162 919 383 958 hominibus
409 918 607 967 armatis,'’
627 918 796 968 dejectus
821 917 885 964 sis,
911 918 952 955 in
973 931 1058 957 eam
1076 920 1285 960 restituare.

165 973 216 1011 In
247 973 319 1011 hoc
346 971 546 1009 interdicto
573 983 651 1009 non
679 971 773 1009 solet
800 971 902 1018 addi,
930 973 958 994 “
978 972 1019 1010 in
1043 973 1116 1013 hoe
1141 977 1286 1014 anno.”

165 1025 312 1075 Quare,
333 1025 365 1063 si
380 1026 463 1075 jam
482 1025 682 1063 biennium
702 1031 769 1062 aut
787 1024 996 1063 triennium
1015 1034 1085 1075 est,
1106 1041 1194 1066 cum
1210 1030 1285 1068 vir-

161 1080 237 1119 tuti
254 1078 438 1118 nuntium
463 1077 655 1125 remisisti,
684 1077 869 1116 delenitus
894 1078 1080 1119 illecebris
1109 1083 1285 1134 volupta-

161 1134 236 1180 tis3
265 1133 307 1171 in
338 1132 485 1184 integro
507 1144 567 1170 res
592 1131 702 1169 nobis
728 1131 809 1169 erit.
841 1131 1095 1184 Quamquam
1125 1138 1287 1187 quicum

159 1188 328 1239 loquor?
358 1199 448 1225 cum
466 1197 545 1224 uno
573 1185 776 1224 fortissimo
794 1184 900 1232 viro;
931 1188 1014 1237 qui,
1033 1196 1285 1242 posteaquam

160 1242 288 1280 forum
321 1239 492 1290 attigisti,
518 1239 615 1277 nihil
643 1239 778 1287 fecisti,
805 1239 879 1278 nisi
909 1241 1176 1292 plenissimum
1201 1258 1286 1284 am.

161 1295 343 1347 plissimae
368 1293 575 1345 dignitatis.
605 1293 655 1331 In
678 1293 753 1332 ista
774 1293 858 1344 ipsa
884 1295 1034 1343 αἱρεσει,
1061 1304 1206 1348 metuo,
1235 1311 1285 1339 ne

161 1350 250 1401 plus
268 1360 473 1388 nervorum
493 1348 554 1395 sit,
576 1360 690 1398 quam
713 1360 782 1399 ego
800 1346 986 1398 putarim,
1013 1350 1044 1387 si
1062 1351 1178 1390 modo
1197 1366 1283 1392 eam

162 1411 207 1441 tu
235 1404 386 1455 probas.
427 1401 536 1449 Quid
565 1402 635 1440 tibi
665 1402 707 1439 in
743 1408 914 1439 mentem
944 1403 1047 1441 venit
1061 1406 1079 1442 Ρ
1119 1404 1282 1457 inquies.

161 1457 269 1506 Quia
286 1455 384 1494 nihil
407 1454 598 1494 habebam
626 1455 745 1504 aliud,
766 1454 871 1507 quod
901 1455 1118 1496 scriberem.
1155 1459 1220 1499 De
1243 1474 1283 1499 re

161 1509 317 1563 publica
348 1508 451 1548 enim
477 1509 576 1547 nihil
602 1508 761 1549 scribere
787 1521 969 1560 possum:
1009 1524 1135 1565 neque
1164 1514 1281 1565 enim,

163 1564 270 1617 quod
287 1564 421 1613 sentio,
440 1563 536 1603 libet
553 1563 726 1603 scribere.
755 1563 866 1602 Vale.

287 1724 402 1776 (17.)
430 1724 494 1764 M.
518 1725 570 1764 Τ.
593 1725 639 1765 C.
671 1724 717 1764 C.
747 1724 945 1765 CASSIO
972 1726 1013 1767 S.
1034 1725 1082 1765 P.
1101 1726 1156 1766 D.

219 1834 541 1885 (Argumentum.
555 1832 806 1881 —Queritur
832 1833 881 1871 de
905 1833 1136 1884 importunis
1164 1839 1286 1879 tabel-

163 1889 291 1927 lariis:
320 1895 449 1926 narrat
471 1888 519 1927 de
538 1888 584 1926 P⁴
606 1887 725 1926 Sullae
743 1893 878 1934 morte,
898 1887 1000 1926 bello
1019 1888 1284 1943 Hispaniensi,

163 1943 300 1981 Pansae
323 1942 554 1992 profectione
580 1942 622 1979 in
648 1940 882 1993 provinciam
896 1955 908 1979 ι
940 1940 1062 1981 Cassii
1081 1945 1287 1987 consilium

164 1998 302 2050 probat
308 1996 555 2036 Brundisinae
565 1995 772 2034 mansionis
788 2009 799 2033 :
820 1994 948 2043 literas
958 2002 1114 2036 mutuas
1128 2001 1284 2052 poscit.)

214 2104 470 2156 Praeposteros
501 2104 619 2143 habes
648 2103 889 2149 tabellarios;
934 2104 1003 2143 etsi
1030 2117 1095 2145 me
1124 2107 1284 2158 quidem

157 2170 235 2198 non
253 2158 475 2200 offendunt:
506 2157 571 2199 sed
592 2164 735 2208 tamen,
752 2169 842 2198 cum
860 2170 884 2198 a
901 2170 965 2200 me
983 2158 1194 2213 discedunt,
1209 2161 1279 2205 fla.
