1513 2382
329 68 412 107 AD
440 68 728 107 ATTIGUM.
759 69 858 107 Lm.
882 68 979 107 VII.
1008 70 1043 107 l.
1167 63 1248 107 329

122 183 256 216 neuter
273 188 512 229 quemquam
535 176 712 215 omnium
730 176 851 229 pluris
870 177 1006 227 facere,
1027 190 1146 230 quam
1165 168 1259 224 me,'

125 231 328 270 videretur.

182 286 332 323 Verum
352 284 458 345 ’quid
478 285 622 336 agam?
649 298 726 323 non
759 299 890 337 quaero
919 286 987 324 ina
1019 286 1172 346 ultima,
1199 285 1250 328 (si

128 339 234 378 enim
253 339 383 378 castris
411 352 470 378 τω
498 348 665 390 geretur,
686 339 795 378 video
824 352 913 377 cum
933 340 1051 378 altero
1070 339 1171 378 vinci
1190 352 1250 377 sa-

127 394 205 432 tius
224 406 316 441 esse,
330 406 448 445 quam
465 406 554 431 cum
574 395 691 432 altero
710 394 877 441 vincere)
891 393 956 432 sed
967 393 1048 440 illa,
1063 407 1150 444 quae
1164 400 1250 431 tum

127 456 304 499 agentur,
324 461 413 486 cum
432 460 594 486 venero:
612 461 660 486 ne
679 448 775 486 ratio
790 448 955 486 absentis
972 447 1185 492 habeatur;
1206 455 1251 484 ut

129 501 338 540 exercitum
359 501 537 540 dimittat.
571 507 597 525 “
613 501 703 550 Dic,
718 502 779 540 M.
794 501 946 540 Tulli.”
967 501 1076 549 Quid
1091 501 1216 539 dicam
1231 503 1249 539 1³

124 555 320 608 Exspecta
329 557 484 599 (amabo
498 563 568 604 te),
582 556 677 594 dum
691 557 869 595 Atticum
883 556 1134 595 conveniam?
1156 555 1250 592 Non

127 618 182 648 est
201 611 306 649 locus
325 610 374 648 ad
393 610 733 662 tergiversandum.
765 609 910 650 Contra
921 611 1140 648 Caesarem?
1169 608 1251 648 Ubi

125 665 203 703 illae
232 672 322 703 sunt
351 664 477 703 densae
501 664 692 703 dexterae‘?
722 678 827 712 nam,
858 672 903 703 ut
931 664 989 702 1111
1014 664 1086 702 hoc
1104 663 1249 711 liceret,

123 719 269 769 adjuvi,
291 727 446 770 rogatus
475 720 524 757 ab
549 719 633 771 ipso
662 721 859 758 Ravennae
883 719 930 757 de
950 718 1069 757 Coelio
1095 717 1251 756 tribuno

125 773 260 825 plebis.
293 774 362 812 Ab
373 773 457 825 ipso
469 776 626 812 autem?
656 774 771 812 etiam
791 788 813 811 a
833 774 950 812 Cnaeo
969 780 1111 821 nostro,
1126 772 1168 809 ‘m
1182 771 1250 809 illo

123 827 254 866 divino
272 828 383 866 tertio
395 828 607 866 consulatu.
636 828 765 867 Aliter
780 831 955 866 sensero?
978 827 1153 875 αι’δεομαι,
1171 838 1252 864 11011

127 882 360 935 Pompeium
380 882 509 931 modo,
530 881 597 920 sed
622 888 761 933 waoz;,
780 898 838 919 και
858 881 1028 933 Τρωαὸας
1045 895 1055 918 z

218 971 461 1020 Πουλυὸαμας
479 986 538 1016 μοι
555 986 699 1022 πρωτος
716 979 898 1023 ελεγχειην
918 972 1138 1012 καταθησει.

126 1047 227 1097 Quis
241 1050 259 1086 :³
290 1054 333 1086 tu
351 1046 433 1099 ipse
451 1046 604 1094 seilicet,
617 1046 794 1084 laudator
813 1056 850 1084 et
868 1045 1057 1084 factorum
1077 1054 1114 1084 et
1132 1045 1251 1097 scrip-

123 1110 255 1141 torum
283 1114 471 1140 meorum.
502 1101 617 1139 Hanc
643 1113 732 1151 ergo
755 1100 911 1151 plagam
932 1099 1049 1150 effugi
1068 1113 1136 1151 per
1154 1100 1250 1138 duos

123 1156 332 1208 superiores
352 1155 629 1194 Marcellorum
658 1155 891 1202 consulatus,
919 1167 1008 1192 cum
1039 1163 1095 1192 est
1121 1163 1250 1192 actum

123 1211 171 1249 de
190 1210 387 1262 provincia
415 1209 585 1249 Caesaris.
624 1209 742 1247 Nunc
760 1209 886 1247 incido
905 1209 946 1246 in
968 1208 1170 1246 discrimen
1190 1209 1252 1260 ip-

120 1278 221 1304 sum.
270 1263 424 1317 Itaque,
455 1271 500 1302 ut
529 1264 671 1302 stultus
700 1263 850 1315 primus
880 1275 990 1301 suam
1021 1263 1250 1301 sententiam

119 1319 235 1368 dicat,
250 1319 349 1357 mihi
367 1318 477 1357 valde
494 1318 633 1370 placet,
662 1317 708 1356 de
727 1318 926 1369 triumpho
945 1329 1014 1355 nos
1032 1316 1161 1354 moliri
1180 1316 1251 1354 ali-

121 1373 240 1426 quid:
272 1381 380 1412 extra
407 1373 557 1412 Urbem
578 1385 656 1411 esse
679 1385 769 1410 cum
789 1371 1003 1422 justissima
1021 1370 1145 1409 causa.
1171 1371 1253 1409 Ta-

122 1441 214 1466 men
232 1427 381 1466 dabunt
400 1440 569 1479 operam,
589 1434 634 1464 ut
653 1426 805 1465 eliciant
821 1427 1048 1464 sententiam
1068 1439 1208 1464 meam.

178 1482 340 1521 Ridebis
370 1481 442 1521 hoc
471 1482 554 1520 loco
589 1481 758 1519 fortasse.
794 1480 928 1528 Quam
960 1481 1100 1519 vellem
1134 1480 1251 1519 etiam

123 1549 228 1575 nunc.
245 1536 284 1574 in
316 1536 512 1588 provincia
539 1535 706 1573 morari!
740 1535 862 1574 Plane
891 1548 988 1586 opus
1018 1534 1108 1582 fuit,
1130 1534 1160 1573 si
1178 1534 1252 1573 hoe

123 1590 395 1642 impendebat;
426 1590 496 1629 etsi
522 1589 577 1627 nil
599 1589 800 1628 miserius·
832 1601 940 1636 nam,
965 1592 999 1626 50
1004 1604 1038 1626 ου
1059 1604 1251 1640 παρεργον,

124 1646 212 1683 volo
231 1653 269 1684 te
289 1645 362 1683 hoc
381 1644 499 1691 scite3
521 1644 651 1682 omnia
668 1643 737 1682 illa
764 1643 903 1695 prima,
925 1657 1012 1695 quae
1040 1643 1157 1682 etiam
1175 1643 1253 1682 tuis

123 1699 272 1738 literis
262 1712 302 1737 1n
332 1699 472 1738 coelum
501 1698 661 1745 ferebas,
697 1713 880 1741 επιτηκτα
909 1698 1078 1736 fuerunt
1118 1697 1253 1746 Quam

124 1766 203 1792 non
222 1761 278 1792 est
303 1753 424 1792 facilis
449 1753 597 1791 virtus!
629 1765 748 1804 quam
768 1764 857 1789 vero
875 1752 1040 1790 difficilis
1059 1753 1141 1801 ejus
1166 1751 1255 1790 diu-

126 1815 242 1846 turna
260 1807 475 1846 simulatio!
499 1807 603 1846 Cum
622 1806 726 1844 enim
741 1806 813 1844 hoc
825 1814 972 1844 rectum
993 1814 1029 1844 et
1043 1807 1254 1858 gloriosum

126 1870 319 1915 putarem,
340 1876 388 1900 ex
419 1875 548 1900 annuo
574 1868 719 1909 sumtu,
741 1860 809 1912 qui
827 1861 926 1898 mihi
943 1860 1115 1899 decretus
1143 1868 1253 1910 esset,

127 1929 192 1955 me
212 1917 260 1956 C.
284 1917 404 1956 Coelio
423 1915 605 1968 quaestori
621 1915 836 1967 relinquere
855 1927 1044 1960 annuum,
1060 1915 1200 1954 referre
1213 1915 1255 1953 in

125 1971 303 2010 aerarium
322 1971 372 2009 ad
396 1971 468 2010 HS
489 1971 537 2009 M
549 1985 560 2016 ς
595 1969 787 2020 ingemuit
811 1976 942 2008 nostra
967 1970 1113 2019 cohors,
1137 1982 1254 2009 omne

126 2025 225 2064 illud
243 2032 384 2078 putans
411 2024 589 2063 distribui
607 2023 681 2061 sibi
699 2031 899 2075 oportere3
929 2030 974 2062 ut
1002 2037 1073 2076 ego
1098 2024 1256 2063 amicior

125 2080 316 2120 invenirer
331 2080 535 2131 Phrygum
555 2086 593 2118 et
613 2076 782 2118 Cilicum
802 2078 955 2125 aerariis,
977 2091 1095 2131 quam
1115 2087 1256 2118 nostro·

130 2134 206 2174 Sed
231 2147 296 2174 me
320 2147 399 2174 non
418 2141 645 2173 moverunt:
677 2145 768 2172 nam
792 2140 829 2172 et
857 2145 943 2172 mea
960 2133 1046 2172 laus
1070 2134 1174 2186 apud
1194 2146 1258 2172 me

866 2190 891 2226 2
913 2199 939 2226 F
960 2189 986 2226 3
