1513 2382
313 108 396 148 AD
423 108 713 152 ATTICUM.
746 109 848 148 Lm.
879 109 979 150 VII.
1007 113 1046 149 8.
1169 112 1259 151 343·

359 214 455 270 (8.)
484 216 697 257 CICERO
725 217 946 258 ATTICO
976 219 1019 258 S.

140 366 156 374 ,¹
178 324 288 374 Quid
298 338 394 377 opus
407 332 462 364 est
475 325 522 364 de
533 325 723 377 Dionysio
735 333 815 364 tam
827 326 937 364 valde
953 326 1142 365 affirmare
1155 327 1173 364 P
1198 341 1248 367 an

125 379 223 424 mihi
253 387 371 418 nutus
403 387 495 427 tuus
524 380 768 421 nonfaceret
801 380 953 418 fidem?
984 381 1249 432 Suspicionem

124 441 255 479 autem
284 447 328 472 eo
357 433 455 471 mihi
484 435 671 484 majorem
701 442 769 472 tua
793 434 1029 472 taciturnitas
1055 435 1247 484 attulerat,

122 488 230 540 quod
253 494 292 526 et
313 495 358 529 tu
383 488 480 534 50105
508 488 771 539 conglutinare
803 488 990 526 amicitias
1022 488 1248 528 testimoniis

124 542 229 589 tuis;
259 549 297 586 et
314 542 429 580 illum
447 541 554 581 aliter
573 555 662 580 cum
681 542 765 580 aliis
783 541 831 580 de
849 542 959 580 nobis
976 541 1151 580 locutum
1176 556 1249 581 au..

122 597 288 637 diebam.
319 596 396 635 Sed
416 609 569 647 prorsus
593 596 648 634 ita
673 609 766 643 esse,
798 604 841 634 ut
871 596 1016 644 scribis,
1041 596 1140 634 mihi
1161 610 1247 648 per.

121 652 268 694 suades.
297 649 436 702 Itaque
464 663 535 701 ego
564 650 597 688 is
625 650 666 687 in
695 650 808 688 illum
834 663 937 699 sum,
968 663 1085 701 quem
1111 658 1154 689 tu
1183 663 1247 689 1110

117 719 199 746 esse
217 705 288 744 vis.
341 732 343 734 -

176 760 297 799 Diem
322 767 436 798 tuum
457 771 527 809 ego
547 771 701 810 quoque
724 772 772 797 ex
791 757 951 810 epistola
968 757 1139 810 quadam
1157 757 1240 807 tua,

124 827 244 866 quam
272 813 476 864 incipiente
478 791 692 856 ”febricula
718 813 932 865 scripseras,
964 812 1062 850 mihi
1086 820 1243 852 1101310-

120 882 233 914 ram;
264 875 301 906 et
319 867 676 915 animadverteram,
697 881 822 919 posse,
841 881 911 918 pro
926 880 966 905 re
983 866 1090 913 nata,
1112 873 1148 904 te
1162 879 1241 910 non

119 921 362 962 incommode
391 921 440 959 ad
464 934 527 959 me
555 921 596 959 in
621 922 826 960 Albanum
856 921 984 959 venire
1007 919 1075 957 ΙΙΙ
1105 920 1242 959 Nonas

115 977 349 1017 Januarias:
379 975 446 1014 sed
479 976 636 1027 (amabo
658 974 713 1025 te)
741 976 839 1013 nihil
866 974 1109 1013 incommodo
1138 975 1242 1017 vale-

117 1031 265 1074 tudinis
292 1029 437 1069 feceris.
467 1029 577 1077 Quid
605 1030 708 1068 enim
735 1039 791 1069 est
819 1037 972 1068 tantum
999 1029 1039 1066 in
1063 1041 1142 1067 uno
1170 1036 1240 1067 aut

112 1086 233 1124 altero
252 1084 314 1122 die
331 1087 349 1123 ἓ
1058 1124 1062 1126 ,

171 1139 417 1178 Dolabellam
447 1137 570 1186 video,
601 1138 724 1177 Liviae
754 1143 995 1184 testamento,
1022 1150 1109 1175 cum
1140 1136 1236 1175 duo-

117 1194 191 1233 bus
215 1192 472 1231 cohaeredibus
498 1205 577 1231 esse
598 1192 638 1230 in
667 1193 827 1238 triente3
859 1191 922 1229 sed
943 1192 1070 1241 juberi
1088 1200 1239 1229 mutare

117 1259 270 1286 nomen.
299 1246 374 1286 Est
406 1253 593 1285 πολιτίκσν
621 1261 789 1295 σκεμμα,
819 1254 1015 1289 rectumne
1041 1246 1089 1283 Sit
1118 1245 1239 1283 nobili

112 1300 342 1340 adolescenti
361 1308 510 1338 mutare
538 1312 679 1338 nomen
698 1299 870 1337 mulieris
889 1307 1126 1338 testamento.
1162 1299 1239 1338 Sed

115 1355 473 1406 &emonam-:41:02
494 1353 793 1403 διευκρινησομεν,
814 1366 903 1392 cum
923 1354 1098 1403 sciemus,
1116 1366 1239 1405 quan-

115 1418 202 1453 tum
220 1408 331 1461 quasi
349 1407 396 1451 sit
414 1408 455 1445 in
474 1407 621 1446 trientis
639 1408 786 1446 triente.

168 1462 287 1512 Quod
314 1461 461 1514 putasti
481 1461 576 1510 fore,
603 1470 663 1510 ut,
689 1470 777 1501 ante
799 1475 918 1513 quam
937 1462 1035 1501 istuc
1054 1462 1238 1511 venirem,

115 1517 348 1568 Pompeium
368 1515 565 1561 viderem;
595 1515 741 1554 factum
770 1526 825 1554 est
843 1516 924 1554 ita:
955 1529 1047 1554 nam
1066 1516 1130 1555 VI
1150 1517 1235 1555 Cal.

113 1572 165 1634 ad
183 1569 423 1613 Lavernium
445 1582 510 1607 me
530 1578 752 1608 consecutus
772 1578 839 1609 est.
868 1570 961 1610 Una
981 1570 1157 1609 Formias
1174 1583 1238 1609 ve-

111 1626 273 1670 nimus;
303 1630 341 1662 et
359 1625 409 1661 ab
425 1623 522 1662 hora
542 1624 676 1666 octava
701 1624 750 1662 ad
773 1637 977 1676 vesperum
1001 1633 1142 1664 secreto
1161 1625 1239 1663 col-

108 1679 231 1721 ,locuti
249 1690 396 1717 sumus.
557 1713 560 1719 ⁴

125 1732 287 1782 „Quod
305 1731 459 1784 quaeris,
476 1745 596 1783 ecqua
614 1716 698 1783 spes
717 1718 987 1783 pacificationis
1006 1733 1083 1779 sit3
1113 1747 1238 1785 quan-

107 1795 199 1828 mm
218 1800 267 1827 ex
282 1786 460 1837 Pompeii
473 1786 598 1827 multo
610 1794 652 1824 et
669 1795 843 1824 accurato
858 1799 1030 1825 sermone
1044 1789 1236 1840 perspexi

109 1855 160 1882 ne
184 1842 361 1887 voluntas
384 1840 542 1892 quidem
566 1846 635 1878 est.
658 1840 728 1881 Sic
747 1840 850 1878 enim
871 1840 1077 1890 existimat,
1107 1843 1139 1881 si
1155 1842 1235 1891 ille,

108 1897 172 1936 vel
190 1892 346 1934 dimisso
365 1893 547 1941 exercitu,
578 1894 710 1932 consul
734 1894 857 1933 factus
879 1895 941 1942 sit,
973 1910 1144 1948 συγχυσιν
1171 1912 1240 1940 της

111 1957 303 1993 πολιτειας
320 1949 412 1987 fore.
441 1949 577 1999 Atque
596 1948 712 1986 etiam
732 1956 858 2000 putat,
879 1962 984 1995 eum,
1001 1962 1087 1988 cum
1105 1950 1237 1989 audie-

109 2004 161 2044 rit
180 2010 310 2042 contra
328 2016 367 2042 se
386 2002 588 2053 diligenter
620 2003 760 2054 parari,
787 2003 1029 2041 consulatum
1046 2003 1118 2042 hoc
1136 2017 1239 2043 anno

111 2059 394 2109 neglecturum,
414 2070 458 2095 ac
476 2057 603 2108 potius
623 2057 832 2095 exercitum
846 2057 1159 2110 provinciamque
1176 2071 1237 2097 re-

112 2119 323 2152 tenturum.
353 2111 423 2151 Sin
441 2119 571 2149 autem
585 2111 651 2149 ille
669 2110 836 2158 fureret;
858 2111 1099 2150 vehementer
1112 2113 1239 2151 homi-

111 2179 204 2205 nem
222 2167 511 2210 contemnebatg
533 2172 570 2204 et
593 2165 670 2204 suis
689 2173 726 2203 et
744 2165 964 2217 reipublicae
982 2165 1100 2218 copiis
1118 2167 1237 2206 confi-

113 2221 239 2261 debat.
270 2220 380 2269 Quid
398 2220 537 2272 quaeiis
553 2220 570 2257 ’ἓ
601 2219 686 2260 Etsi
704 2219 801 2259 mihi
816 2222 946 2260 crebro
961 2221 1058 2271 ξυνος
1071 2227 1239 2265 Ενυαλιος
