1513 2382
197 87 250 125 86
384 84 466 125 AD
495 83 792 125 DIVERSOS.
821 83 922 123 LIB.
951 84 1046 124 XV.
1074 86 1114 123 2.

196 194 354 234 lumitas
372 193 493 244 regni,
518 193 615 231 mihi
634 192 899 232 commendata
917 198 1012 231 esset
1028 206 1052 231 a
1069 190 1194 241 vobis)
1213 191 1315 232 dice-

198 255 270 298 ret,
291 248 323 287 si
341 247 435 299 quid
453 247 579 285 vellet.

251 302 353 350 Quae
372 314 461 340 cum
481 314 599 339 essem
617 301 657 338 in
673 300 828 340 consilio
842 314 927 339 meo
941 313 1031 339 cum
1044 313 1132 352 rege
1150 300 1313 348 locutus,

197 356 307 394 initio
336 356 402 394 ille
420 355 598 393 orationis
624 368 703 393 suae
722 355 827 393 vobis
846 355 1036 393 maximas
1065 356 1128 407 (ut
1149 353 1317 403 debuit),

200 410 336 448 deinde
366 409 481 447 etiam
505 409 616 456 mihi,
650 409 789 460 gratias
815 409 914 460 egit:
945 408 1049 460 quod
1079 408 1113 446 ei
1140 420 1318 460 permag-

200 477 298 502 num
317 470 354 502 et
372 463 691 514 perhonorificum
711 463 924 512 videbatur,
945 463 984 501 S.
998 463 1045 501 P.
1065 462 1116 510 Q.
1131 463 1182 501 R.
1202 468 1319 500 tantae

201 531 303 556 curae
321 530 400 556 esse
419 517 582 555 salutem
596 529 733 559 suam,
723 530 733 540 ·
764 529 903 568 meque
914 524 1062 555 tantam
1080 515 1319 567 diligentiam

201 571 396 617 adhibere,
417 578 461 608 ut
480 578 516 608 et
535 583 622 608 mea
645 570 752 618 fides,
774 578 811 608 et
830 570 1168 609 commendationis
1187 576 1320 608 vestrae

203 625 419 671 auctoritas,
449 625 610 676 perspici
634 631 770 675 posset.
800 625 935 676 Atque
958 624 1024 662 ille
1049 624 1188 676 primo,
1215 622 1321 675 quod

203 679 302 718 mihi
329 679 511 717 maximae
535 678 677 716 laetitiae
701 678 790 724 fuit,
814 678 868 716 ita
896 690 1050 716 1118811111
1073 677 1223 716 locutus
1248 683 1320 725 est,

204 740 249 772 ut
267 733 393 771 nullas
411 732 566 770 insidias
584 744 709 783 neque
723 732 811 769 vitae
823 745 916 780 suae,
931 744 1057 784 neque
1070 743 1202 783 regno,
1222 730 1324 770 dice-

205 795 264 826 ret
282 799 322 825 se
341 794 408 824 aut
425 785 636 837 intelligere
658 785 753 833 fieri,
774 793 841 824 aut
859 786 975 824 etiam
1001 785 1194 837 suspicari.
1221 784 1325 823 Cum

206 854 277 892 ego
309 840 343 878 ei
368 841 582 891 gratulatus
615 853 748 888 essem,
779 840 895 892 idque
923 853 986 878 me
1013 839 1178 890 gaudere
1208 838 1327 877 dixis-

207 908 319 940 sem3
349 894 578 940 cohortatus,
602 901 647 931 ut
675 893 934 932 recordaretur
965 906 1097 932 casum
1125 894 1238 931 illum
1267 891 1329 930 in-

207 948 340 988 teritus
366 947 528 1000 paterni,
555 955 592 985 et
616 947 816 999 vrgilanter
843 961 884 986 se
913 954 1096 996 tueretur,
1123 954 1238 999 atque
1262 946 1330 985 ad-

208 1002 360 1041 monitu
390 1004 541 1040 senatus
571 1002 782 1039 consuleret
812 1001 925 1040 saluti
955 1014 1062 1047 suae3
1092 1008 1179 1040 tum
1211 1014 1235 1039 a
1266 1013 1331 1040 me

211 1056 379 1095 discessit
396 1056 437 1093 in
455 1055 642 1106 oppidum
663 1055 854 1106 Cybistra.

269 1111 427 1148 Postero
445 1118 572 1146 autem
594 1109 669 1157 die,
690 1122 779 1147 cum
798 1109 1020 1158 Ariarathe,
1048 1108 1164 1147 fratre
1190 1121 1273 1156 suo,
1294 1115 1332 1147 et

214 1176 305 1202 cum
322 1163 488 1215 paternis
508 1163 654 1211 31111815,
672 1163 880 1212 majoribus
893 1169 1001 1211 natu,
1018 1162 1068 1200 ad
1078 1175 1142 1201 me
1159 1162 1200 1200 in
1214 1170 1336 1202 castra

216 1217 344 1256 venitz
374 1218 694 1268 perturbatusque
712 1224 749 1255 et
774 1216 882 1265 flens,
915 1216 1125 1255 cumidem
1153 1224 1191 1255 et
1219 1217 1338 1256 frater

214 1271 366 1318 faceret,
388 1278 425 1309 et
443 1270 569 1317 amici,
590 1283 717 1308 meam
744 1270 875 1319 fidem,
895 1277 1059 1309 vestram
1090 1270 1335 1310 commenda-

215 1325 375 1372 tionem,
394 1324 599 1375 implorare
618 1324 740 1376 coepit.
771 1325 874 1363 Cum
889 1325 1110 1373 admirarer,
1124 1325 1219 1377 quid
1237 1325 1334 1364 acci-

216 1377 331 1417 disset
349 1378 452 1426 novi,
473 1377 584 1425 dixit,
602 1378 650 1416 ad
662 1391 701 1416 se
719 1378 858 1417 indicia
871 1379 1161 1417 manifestarum
1178 1379 1335 1417 insidia-

216 1445 305 1471 rum
334 1444 413 1470 esse
434 1432 573 1478 delata,
586 1445 684 1493 quae
707 1440 828 1471 essent
850 1440 938 1471 ante
967 1433 1175 1471 adventum
1200 1445 1335 1471 meum

216 1486 431 1532 occultata3
463 1485 594 1546 quod
584 1486 625 1534 11,
655 1486 723 1537 qui
742 1499 785 1524 ea
806 1487 1015 1538 patefacere
1033 1494 1200 1538 possent,
1221 1500 1336 1538 prop-

218 1547 275 1578 ter
292 1547 441 1578 metum
460 1539 720 1579 reticuissent.
753 1553 797 1579 eo
816 1548 946 1579 autem
970 1548 1154 1592 tempore,
1175 1553 1242 1593 spe
1261 1540 1338 1580 mei

218 1593 398 1646 praesidii,
430 1594 644 1654 complures
667 1607 724 1643 ea,
751 1608 838 1656 quae
864 1594 1013 1642 scirent,
1037 1595 1214 1633 audacter
1232 1595 1282 1633 ad
1300 1608 1340 1633 se

221 1647 428 1686 detulisse:
457 1646 499 1684 in
526 1647 586 1685 his
605 1648 914 1687 amantissimum
933 1649 1008 1696 sui,
1028 1649 1183 1687 5111111113
1200 1649 1341 1701 pietate

220 1701 441 1753 praeditum,
473 1700 644 1749 fratrem,
675 1702 798 1741 dicere
828 1716 884 1750 ea,
919 1716 1006 1755 quae
1034 1702 1067 1741 is
1094 1715 1159 1741 me
1187 1716 1343 1755 quoque

224 1754 403 1793 audiente
435 1753 596 1803 dicebat,
631 1768 671 1794 se
703 1757 947 1795 sollicitatum
980 1769 1074 1805 8558,
1105 1764 1149 1794 ut
1184 1769 1344 1808 regnare

224 1808 366 1847 vellet·
396 1808 437 1845 id
457 1808 543 1846 vivo
569 1809 686 1848 fratre
704 1823 773 1848 5110
795 1810 960 1849 accidere
978 1822 1056 1848 non
1081 1810 1274 1862 potuisse:
1306 1823 1346 1849 se

223 1867 369 1909 tamen,
403 1869 491 1900 ante
519 1862 617 1901 illud
646 1872 811 1915 tempus,
843 1877 929 1902 eam
957 1877 1040 1902 rem
1069 1876 1271 1915 nunquam
1303 1865 1345 1903 in

224 1915 412 1961 medium,
444 1924 598 1967 propter
623 1918 782 1969 periculi
804 1925 968 1966 metum,
1001 1918 1214 1969 protulisse.
1245 1917 1347 1966 Quae

225 1981 317 2007 cum
335 1976 430 2007 esset
446 1969 611 2018 locutus,
630 1971 764 2010 monui
781 1984 926 2023 regem,
945 1979 990 2010 ut
1011 1984 1166 2009 omnem
1184 1971 1347 2023 diligen-

225 2022 322 2060 tiam
354 2022 403 2059 ad
429 2035 470 2060 se
510 2025 810 2063 conservandum
822 2003 1071 2071 ”adhiberem
1112 2026 1345 2077 amicosque,

227 2075 346 2127 patris
364 2076 446 2124 ejus
465 2083 580 2128 atque
597 2079 658 2117 avi
673 2079 817 2128 judicio
835 2081 1027 2130 probatos,
1046 2079 1219 2117 hortatus
1245 2091 1347 2126 sum,

226 2128 328 2180 regis
357 2129 416 2167 sui
441 2130 575 2177 vitam,
599 2132 700 2170 docti
721 2145 811 2171 casu
841 2133 1080 2171 acerbissimo
1103 2132 1222 2185 patris
1250 2134 1347 2183 ejus,

229 2181 336 2221 0111111
355 2195 445 2222 cura
462 2185 709 2237 custodiaque
727 2185 984 2225 defenderent.

1472 1871 1508 1931 ..ae
