1513 2382
254 95 333 133 242
456 95 539 134 AD
568 94 864 136 ATTICUM.
895 95 997 134 Lm.
1026 95 1103 135 lv.
1134 97 1172 134 2.

251 201 301 239 ad
319 202 458 241 omnia
467 215 531 242 me
548 202 712 242 alterum
731 216 771 242 se
788 203 869 242 fore
888 203 999 242 dixit.
1028 203 1175 255 Legem
1198 201 1372 241 consules

249 257 565 317 conscripserunt,
600 271 680 309 qua
711 257 915 309 Pompeio,
947 270 1016 309 per
1042 255 1368 310 quinquennium,

251 309 376 348 omnis
405 318 569 362 potestas
598 311 652 350 rei
674 311 937 350 frumentariae
964 318 1044 350 toto
1072 312 1164 349 orbe
1183 317 1371 349 terrarum

251 362 430 403 daretur·
460 366 620 403 alteram
650 364 833 412 Messius,
868 365 937 416 qui
965 364 1090 403 omnis
1116 363 1289 416 pecuniae
1306 362 1373 400 dat

250 425 490 467 potestatem,
511 427 548 457 et
567 419 743 470 adjungit
762 419 918 457 classem
939 426 976 457 ct
995 418 1217 465 exercitum,
1237 423 1275 455 et
1287 429 1371 454 ma-

246 471 314 520 jus
332 470 539 523 imperium
558 472 598 510 in
618 472 836 524 provinciiS,
856 485 975 524 quam
1005 472 1054 510 sit
1072 484 1205 510 eorum
1222 469 1291 523 qui
1309 483 1372 509 eas

249 524 457 564 obtineant.

304 578 382 617 Illa
403 586 531 618 nostra
554 580 619 617 lex
649 579 856 618 consularis
883 591 987 618 nunc
1009 579 1182 618 modesta
1204 577 1377 625 videtur,

249 631 332 670 haec
361 633 498 671 Messii
524 645 603 671 non
633 633 800 672 ferenda.
829 633 1039 684 Pompeius
1067 633 1175 671 illam
1207 632 1305 671 velle
1334 644 1375 669 se

250 685 355 734 dicit,
386 686 595 726 familiares
623 687 736 726 hanc.
778 687 1023 748 Consulares,
1057 686 1154 725 duce
1183 685 1377 731 Favonio,

251 738 449 786 fremunt3
479 753 548 779 nos
566 747 763 786 tacemus;
795 748 832 780 et
851 754 895 779 eo
911 741 1050 793 magis,
1070 739 1175 792 quod
1192 739 1240 778 de
1256 738 1374 800 domo

251 794 380 832 nostra
408 770 507 832 nihil
538 794 664 834 adhuc
685 795 882 846 pontifices
909 794 1212 846 responderunt:
1242 792 1312 844 qui
1341 791 1374 831 si

251 848 474 886 sustulerint
505 848 742 900 religionem,
781 862 910 888 aream
949 848 1172 900 praeclaram
1213 846 1375 885 habebi-

252 912 364 939 mus·
353 930 364 946 ,
395 902 634 954 superficiem
653 903 825 942 consules
845 916 893 941 ex
911 901 1253 941 senatus-consulto
1271 900 1374 939 aesti·

252 956 438 994 mabunt:
470 956 529 994 sin
549 956 672 1003 aliter,
699 957 982 1003 demolientur3
1011 969 1081 995 suo
1098 954 1255 994 nomine
1271 955 1374 993 loca-

253 1009 376 1055 bunt3
407 1023 489 1048 rem
508 1017 629 1048 totam
653 1011 910 1049 aestimabunt.

307 1063 370 1100 Ita
388 1071 477 1102 sunt
496 1077 554 1102 res
572 1071 739 1111 nostrae,
728 1079 737 1088 ·
769 1072 814 1103 ut
830 1065 871 1102 in
891 1062 1078 1111 secundis,
1098 1062 1240 1109 fluxae,
1228 1076 1240 1086 ·
1268 1068 1315 1100 ut
1332 1061 1372 1099 in

250 1115 431 1166 adversis,
451 1119 574 1156 bonae.
603 1117 652 1156 In
670 1132 711 1157 re
727 1118 908 1157 familiari
920 1117 1031 1156 valde
1049 1129 1184 1155 sumus
1205 1117 1269 1169 (ιιι
1282 1115 1373 1166 scis)

250 1171 475 1220 perturbati.
505 1171 697 1211 Praeterea
726 1180 816 1210 sunt
834 1171 1014 1224 quaedam
1031 1170 1252 1232 domestica,
1285 1183 1374 1221 quae

249 1223 368 1262 literis
386 1237 463 1263 non
482 1226 691 1264 committo.
722 1226 919 1273 Quintum
937 1226 1110 1270 fratrem,
1129 1223 1273 1275 insigni
1290 1224 1374 1275 pie-

250 1283 342 1325 tate,
363 1278 516 1325 virtute,
536 1278 612 1317 fide
639 1279 859 1331 praeditum,
887 1279 940 1317 sic
966 1290 1068 1326 amo,
1088 1284 1133 1315 ut
1151 1278 1281 1316 debeo.
1311 1277 1373 1316 Te

251 1339 454 1381 exspecto3
485 1339 523 1371 et
541 1345 621 1381 oro,
641 1340 686 1370 ut
710 1340 878 1371 matures
903 1331 1057 1378 venire3
1088 1344 1210 1383 eoque
1241 1331 1372 1369 animo

250 1385 392 1432 venias,
413 1394 458 1424 ut
487 1398 552 1424 me
569 1394 637 1424 tuo
656 1387 811 1425 consilio
833 1399 940 1438 egere
958 1398 1036 1424 non
1055 1385 1168 1424 sinas
1196 1384 1372 1423 Alterius

250 1437 338 1476 vitae
356 1439 551 1490 quoddam
580 1440 736 1478 initium
764 1439 948 1478 ordimur.
977 1440 1007 1478 J
1009 1452 1073 1477 am
1099 1438 1273 1491 quidam,
1302 1437 1371 1490 qui

250 1503 319 1530 nos
337 1494 509 1533 absentes
533 1493 799 1542 defenderunt,
819 1494 1009 1545 incipiunt
1035 1492 1287 1544 praesentibus
1308 1504 1372 1530 oc-

250 1546 380 1584 culte
369 1549 493 1597 irasci,
513 1555 642 1599 aperte
660 1523 841 1587 invideie.
871 1548 1131 1587 Vehementer
1156 1554 1195 1585 te
1211 1545 1373 1598 requiri-

251 1611 351 1638 mus.

488 1765 577 1811 (2.)
606 1763 819 1803 CICERO
847 1762 1069 1802 ATTICO
1098 1764 1138 1802 S.

304 1868 347 1907 Si
371 1868 469 1908 forte
492 1870 615 1910 rarius
641 1871 713 1910 tibi
743 1884 768 1910 a
793 1884 871 1919 me,
891 1883 1011 1923 quam
1036 1884 1060 1909 a
1078 1867 1234 1916 caeteris,
1253 1867 1374 1907 literae

250 1922 491 1970 redduntur;
520 1932 610 1976 peto
635 1939 658 1963 a
688 1932 740 1973 te,
759 1932 805 1964 ut
825 1925 867 1964 id
884 1937 962 1963 non
986 1924 1103 1962 modo
1129 1921 1375 1974 negligentiae

250 1987 361 2024 meae,
387 1977 455 2016 sed
483 1990 533 2016 ne
556 1978 796 2031 occupationi
820 1978 979 2031 quidem
996 1978 1167 2022 tribuas3
1197 1989 1285 2028 quae
1303 1975 1373 2014 etsi

251 2041 407 2068 summa
435 2042 506 2079 est,
525 2039 655 2071 tamen
678 2033 788 2071 nulla
805 2046 886 2072 esse
903 2039 1028 2084 potest
1051 2037 1172 2078 tanta,
1193 2037 1237 2068 ut
1254 2029 1372 2067 inter-

251 2091 407 2135 rumpat
431 2084 503 2123 iter
534 2086 675 2126 amoris
705 2086 826 2125 nostri
851 2094 890 2126 et
915 2085 1030 2124 officii
1054 2084 1144 2123 mei.
1173 2084 1295 2131 Nam,
1325 2089 1371 2120 ut

249 2137 336 2174 veni
360 2138 544 2188 Romam,
565 2140 705 2179 iterum
730 2153 834 2179 nunc
852 2153 939 2179 sum
958 2139 1093 2178 certior
1113 2138 1252 2185 faetus,
1272 2148 1367 2183 esse,

249 2189 311 2227 cui
328 2189 460 2231 darem
479 2193 618 2232 literas.
649 2194 788 2246 Itaque
799 2194 869 2234 has
886 2195 1023 2234 alteras
1039 2192 1140 2232 dedi.
1170 2189 1370 2230 Prioribus
