1513 2382
194 114 248 154 80
355 112 440 152 AD
469 111 765 154 DIVERSOS.
795 112 896 153 11113.
924 111 1043 153 XIV.
1071 114 1139 153 23.

244 220 295 260 In
313 220 580 260 Tusculanum
598 233 666 260 nos
685 228 861 260 venturos
878 226 1060 273 putamus
1077 227 1146 259 aut
1164 219 1303 269 Nonis,

189 281 258 314 aut
274 275 471 326 postridie:
501 274 556 313 ibi
572 282 616 313 ut
634 275 711 313 sint
727 275 857 314 omnia
873 282 1028 326 parata:
1056 275 1186 326 plures
1200 274 1304 312 enim

188 329 346 368 fortasse
363 328 561 367 nobiscum
577 335 714 374 erunt;
745 335 795 375 et,
815 335 860 366 ut
878 328 1050 376 arbitror,
1077 328 1221 367 diutius
1247 327 1304 366 ibi

189 382 521 421 commorabimur.
562 383 736 421 Labrum
762 383 792 419 si
816 382 854 420 in
881 382 1029 420 balineo
1047 394 1124 419 non
1144 388 1227 427 est;
1258 388 1304 419 ut

189 436 238 474 sit
253 451 263 474 ι
294 436 386 474 item
405 444 552 481 caetera‚
569 449 656 487 quae
675 442 764 473 sunt
782 435 831 473 ad
845 435 989 474 victum
1005 442 1042 473 et
1053 435 1101 473 ad
1115 434 1302 473 valetudi-

187 501 278 529 nem
295 490 512 528 necessaria.
537 489 648 528 Vale.
679 489 762 527 Cal.
784 488 942 528 Octobr.
962 488 1009 527 de
1027 488 1240 527 Venusino.

231 627 346 674 (21.)
375 625 436 664 M.
446 624 497 663 T.
508 623 556 665 C.
582 623 896 664 TERENTIAE
928 624 1054 664 SUAE
1085 625 1124 664 S.
1143 624 1188 665 P.
1205 624 1263 665 D.

245 721 568 773 (Argumentum.
584 740 637 748 —
652 718 841 768 Ejusdem
869 719 1064 772 temporis,
1093 726 1162 759 aut
1187 719 1303 772 paulo

188 775 403 826 superioris,
425 773 670 825 epistolium.)

243 881 284 920 Si
303 881 419 928 vales,
438 882 535 919 bene
561 887 641 918 est:
672 880 790 918 valeo.
830 880 899 919 Da
916 893 1085 933 operam,
1104 886 1149 918 ut
1167 892 1304 919 conva=

187 935 317 973 lescas.
357 934 475 982 Quod
493 947 588 985 opus
608 934 691 982 erit,
718 940 762 971 ut
783 946 841 972 res
866 942 1094 986 tempusque
1118 934 1300 985 postulat,

185 988 382 1039 provideas
413 995 528 1039 atque
556 987 819 1025 administres:
850 995 888 1026 et
911 989 961 1026 ad
978 1001 1041 1026 me
1059 987 1107 1026 de
1124 987 1302 1026 omnibus

187 1044 299 1081 rebus
319 1054 437 1093 quam
456 1041 660 1092 saepissime
678 1041 805 1079 literas
822 1041 963 1080 mittas.
992 1041 1103 1080 Vale.

222 1175 338 1230 (22.)
369 1175 496 1217 Μ.Τ.
516 1175 563 1216 C.
595 1174 909 1216 TERENTIAE
938 1176 1065 1216 SUAE
1095 1177 1135 1216 S.
1150 1177 1196 1216 Ρ.
1214 1177 1274 1217 D.

242 1281 564 1331 (Argumentum.
584 1303 631 1311 —
648 1280 845 1321 Incertum
859 1295 899 1322 se
917 1283 1061 1322 consilii
1079 1283 1273 1335 ostendit.)

242 1387 284 1428 Si
298 1389 414 1437 vales,
433 1390 530 1427 bene
549 1395 628 1427 est·
660 1390 778 1427 valeo.
805 1390 889 1428 Nos
904 1390 1072 1451 quotidie
1090 1391 1303 1432 tabellarios

186 1450 331 1481 nostros
351 1450 637 1494 exspectamus:
659 1443 727 1494 qui
745 1443 777 1480 si
792 1444 974 1493 venerint,
989 1444 1145 1484 fortasse
1159 1446 1302 1485 erimus

184 1496 370 1544 certiores,
391 1496 484 1557 quid
502 1496 611 1535 nobis
635 1496 851 1535 faciendum
875 1497 947 1544 sit;
975 1498 1234 1550 faciemusque
1263 1509 1302 1538 te

184 1550 315 1588 statim
333 1551 540 1589 certiorem.
569 1550 843 1589 Valetudinem
857 1559 965 1590 tuam
981 1565 1072 1592 cura
1089 1553 1302 1605 diligenter.
1367 1555 1370 1557 ’

186 1604 297 1643 Vale.
327 1603 505 1643 Calendis
524 1604 825 1656 Septembribus.

219 1759 334 1811 (23.)
364 1761 425 1800 M.
440 1760 488 1800 Τ.
505 1760 552 1801 C.
583 1760 896 1802 TERENTIAE
925 1762 1051 1802 SUAE
1081 1762 1123 1802 S.
1133 1762 1178 1802 P.
1193 1763 1248 1803 D.

239 1867 556 1917 (Argumentum.
572 1870 761 1909 —Biduo
780 1879 867 1910 ante
891 1883 990 1918 eam,
1006 1883 1093 1922 quae
1114 1869 1298 1922 sequitur,

185 1920 350 1971 scripta·
381 1935 421 1960 se
439 1935 463 1961 a
481 1923 629 1963 Caesare
646 1925 773 1964 literas
802 1925 890 1964 satis
919 1924 1092 1963 liberales
1116 1924 1299 1976 accepisse

187 1975 371 2024 nuntiat.)

239 2080 281 2120 Si
298 2083 414 2130 vales,
440 2085 536 2122 bene
558 2091 638 2124 est:
669 2087 788 2125 valeo.
817 2085 993 2124 Redditae
1017 2084 1114 2123 mihi
1139 2082 1296 2123 tandem

180 2142 271 2174 sunt
290 2148 313 2174 a
331 2136 478 2177 Caesare
495 2138 614 2179 literae
631 2139 721 2180 satis
738 2139 937 2189 Eberalae3
967 2146 1004 2179 et
1020 2139 1101 2193 ipse
1114 2137 1298 2191 opinione
