1513 2382
399 85 484 125 AD
502 83 793 126 ATTICUM.
821 83 921 123 Lus.
943 83 978 123 Ι.
997 84 1036 122 3.
1207 78 1279 118 141

387 195 481 248 (2.)
509 193 723 235 CICERO
751 190 975 238 ATTICO
1004 192 1045 231 S.

213 301 337 341 Lucio
361 303 473 343 Julio
501 304 665 354 Caesare,
697 304 743 343 C.
765 303 917 343 Marcio
935 300 1092 352 Figulo,
1123 295 1290 338 consuli-

156 357 245 405 bus,
267 357 386 397 filiolo
405 372 468 397 me
487 367 645 398 auctum
665 359 772 407 scito,
794 358 900 397 salva
918 354 1115 395 Terentia„
1146 353 1230 390 Abs
1251 359 1289 389 te

156 417 238 449 tam
258 411 325 450 diu
345 413 442 451 nihil
459 414 659 452 literarum
673 416 691 453 Ρ
722 413 810 464 Ego
829 412 876 451 de
894 411 990 449 meis
1010 409 1059 448 ad
1078 416 1115 446 te
1133 406 1291 445 rationi-

156 466 230 504 bus
249 466 382 519 scripsi
400 475 512 506 antea
530 468 745 519 diligenter.
777 467 866 505 Hoc
878 474 1048 516 tempore
1063 461 1288 507 Catilinam,

156 521 448 572 competitorem
467 529 657 569 nostrum,
687 521 889 560 defendere
918 519 1144 570 cogitamus.
1174 515 1202 553 J
1206 513 1292 552 udi-

157 586 219 613 ces
238 575 440 624 habemus,
461 590 557 628 quos
576 576 785 623 voluimus,
806 573 959 613 summa
979 569 1204 611 accusatoris
1223 581 1290 607 vo-

156 628 318 669 luntate.
357 631 492 682 Spero,
525 631 557 669 si
588 632 787 669 absolutus
807 630 891 676 erit,
923 625 1226 677 conjunctiorem
1246 623 1293 660 il-

159 683 243 721 lum
259 684 369 723 nobis
383 686 463 724 fore
482 685 522 722 in
541 685 687 723 ratione
705 683 922 736 petitionis:
954 682 1013 720 sin
1025 681 1134 718 aliter
1148 677 1294 716 accide-

159 737 223 784 rit,
244 738 465 777 humaniter
483 739 661 778 feremus.
699 738 791 776 Tuo
809 738 976 776 adventu
995 735 1105 773 nobis
1124 747 1220 785 opus
1241 738 1297 770 est

160 799 340 839 matur03
371 806 463 831 nam
482 807 637 846 prorsus
667 805 822 832 summa
845 792 1052 830 hominum
1072 796 1127 827 est
1145 786 1295 838 opinio,

162 853 250 884 tuos
268 847 492 894 familiares,
512 848 659 886 nobiles
677 847 869 894 homiues,
899 843 1132 884 adversarios
1160 839 1298 878 honori

165 908 294 940 nostro
323 901 416 940 fore.
456 902 526 941 Ad
556 915 689 940 eorum
709 901 947 940 voluntatem
969 898 1068 936 mihi
1096 895 1302 934 concilian-

166 954 272 1003 dam,
289 957 462 995 maximo
479 964 516 995 te
534 957 632 995 mihi
645 956 733 994 usui
748 956 828 993 fore
842 955 964 994 video.
986 953 1134 1001 Quare,
1150 950 1177 990 J
1181 961 1301 989 anua-

165 1009 222 1049 rio
240 1023 384 1062 mense,
405 1018 450 1050 ut
468 1011 712 1061 constituisti,
733 1023 824 1049 cura
839 1017 883 1048 ut
903 1009 1044 1049 Romae
1063 1005 1124 1045 sis.

403 1173 495 1227 (3.)
525 1174 742 1216 CICERO
770 1173 994 1217 ATT1co
1024 1175 1063 1215 S.

221 1282 369 1322 Aviam
395 1290 504 1322 tuam
525 1286 619 1324 scito
646 1285 832 1324 desiderio
851 1284 909 1323 tui
927 1291 1123 1323 mortuam
1141 1292 1236 1328 esse,
1266 1286 1305 1318 et

169 1337 299 1386 simul,
320 1338 425 1390 quod
443 1339 563 1378 verita
578 1340 646 1388 sit,
673 1353 722 1378 ne
741 1339 895 1378 Latinae
919 1339 961 1376 in
979 1338 1103 1377 officio
1122 1349 1199 1375 non
1218 1347 1304 1372 ma-

167 1400 315 1439 nerent,
337 1400 375 1431 et
401 1393 442 1431 in
462 1402 636 1433 montem
654 1395 860 1433 Albanum
878 1393 1022 1432 hostias
1041 1405 1119 1430 non
1139 1390 1305 1429 adduce-

168 1454 265 1485 rent.
295 1446 396 1497 Ejus
415 1448 470 1486 rei
484 1449 783 1488 consolationem
802 1448 852 1487 ad
867 1455 906 1486 te
921 1447 970 1486 L.
987 1446 1189 1486 Saufeium
1207 1443 1303 1482 mis-

168 1514 304 1539 surum
324 1514 405 1540 esse
431 1503 606 1542 arbitror.
635 1504 721 1542 Nos
740 1503 806 1542 hic
824 1510 862 1541 te
879 1502 929 1540 ad
958 1513 1132 1540 mensem
1151 1499 1180 1538 J
1183 1510 1304 1536 anua-

169 1555 274 1593 rium
293 1564 575 1608 exspectamus,
597 1571 646 1597 ex
665 1556 836 1609 quodam
861 1569 1030 1604 rumore,
1050 1567 1099 1593 an
1118 1566 1167 1593 ex
1185 1551 1305 1591 literis

171 1609 249 1648 tuis
267 1610 317 1648 ad
335 1611 430 1650 alios
447 1611 574 1651 missis
591 1615 608 1652 ἱ)
638 1625 731 1650 nam
750 1611 800 1650 ad
818 1624 882 1649 me
909 1610 959 1649 de
989 1623 1033 1648 eo
1061 1607 1160 1647 nihil
1188 1606 1306 1658 scrip-

170 1663 264 1702 sisti.
306 1665 440 1716 Signa,
461 1679 550 1717 quae
567 1667 678 1705 nobis
697 1665 853 1715 curasti,
880 1678 925 1703 ea
943 1671 1035 1703 sunt
1059 1662 1109 1701 ad
1129 1661 1305 1701 Caietam

170 1718 357 1770 exposita.
388 1720 474 1758 Nos
494 1733 539 1759 ea
556 1734 635 1759 non
653 1720 846 1759 vidimus:
877 1731 1003 1771 neque
1021 1717 1126 1756 enim
1138 1713 1305 1755 exeundi

171 1772 304 1811 Roma
321 1781 490 1825 potaews
503 1776 614 1814 nobis
631 1775 718 1813 fuit.
750 1774 951 1822 Misimus,
972 1771 1041 1824 qui
1059 1784 1130 1823 pro
1147 1768 1307 1810 vectura

171 1827 346 1866 solveret.
386 1828 448 1867 Te
474 1830 647 1868 multum
666 1842 859 1877 amamus,
889 1827 995 1880 quod
1013 1840 1059 1865 ea
1076 1827 1144 1865 abs
1162 1831 1201 1864 te
1217 1822 1308 1863 dili-

173 1888 321 1933 genter,
340 1895 551 1935 parvoque,
568 1891 700 1923 curata
718 1891 820 1922 sunt.

229 1935 350 1984 Quod
376 1937 429 1975 ad
452 1951 518 1977 me
544 1952 646 1991 saepe
665 1937 846 1989 scripsisti
864 1936 912 1976 de
935 1942 1065 1975 nostro
1083 1934 1207 1974 amico
1225 1933 1310 1985 pla-

174 1990 313 2039 cando,
348 1991 421 2031 feci
450 1999 489 2031 et
507 2000 688 2044 expertus
708 2005 795 2030 sum
814 1991 969 2029 omnia:
1001 1989 1068 2029 sed
1084 1989 1309 2028 mirandum

174 2044 216 2082 in
235 2045 398 2084 modum
418 2053 476 2085 est
494 2047 625 2085 animo
644 2046 858 2084 abalienato
873 2061 884 2084 :
909 2045 1051 2097 quibus
1065 2044 1113 2083 de
1127 2042 1311 2095 suspicio-

177 2098 308 2147 nibus,
324 2100 394 2139 etsi
412 2101 565 2140 audisse
584 2108 621 2139 te
635 2100 810 2149 arbitror,
827 2108 957 2139 tamen
976 2113 1025 2139 ex
1042 2112 1122 2145 me,
1142 2111 1232 2136 cum
1247 2109 1313 2135 ve-

178 2153 292 2201 neris,
313 2167 528 2206 cognosces.
558 2155 787 2195 Sallustium
807 2160 1036 2207 praesentem
1055 2152 1252 2192 restituere
1269 2151 1311 2188 in

178 2208 262 2258 ejus
288 2216 455 2248 veterem
485 2210 649 2262 gratiam
675 2222 752 2248 non
777 2209 899 2262 potui.
930 2208 1019 2248 Hoc
1038 2207 1088 2247 ad
1107 2214 1143 2246 te
1162 2203 1311 2259 scripsi,
