1513 2382
316 107 400 148 AD
427 106 724 149 DIVERSOS.
754 106 855 147 Lm.
876 107 1003 147 XIII.
1038 109 1098 147 10.
1225 108 1274 147 13

152 218 324 271 primum
342 217 406 256 M.
420 216 627 257 Terentius
645 218 686 255 in
713 217 844 256 forum
863 217 982 267 venit,
1000 216 1050 255 ad
1069 216 1278 256 amicitiam

151 287 191 312 se
209 285 337 312 meam
365 272 538 311 contulit.
567 272 735 319 Deinde,
757 280 802 310 ut
828 284 868 310 58
893 271 1161 320 corroboravit,
1186 272 1274 311 duae

150 340 274 366 causae
291 333 542 375 accesserunt,
572 340 660 378 quae
683 338 811 364 meam
840 326 881 363 in
906 326 1020 363 illum
1049 326 1276 364 benevolen-

148 381 245 420 tiam
264 388 470 433 augerent3
501 392 594 428 una,
621 380 726 432 quod
745 381 965 418 versabatur
984 379 1024 417 in
1053 379 1126 418 hoc
1144 380 1272 419 studio

147 442 291 483 nostro,
312 447 389 487 quo
408 435 524 473 etiam
542 447 646 473 nunc
664 434 835 472 maxime
857 434 1104 481 delectamur,
1126 442 1163 472 et
1181 446 1272 473 cum

146 489 301 541 ingenio
320 493 381 532 (ut
399 487 536 538 nosti),
557 501 626 527 nec
645 488 724 527 sine
749 488 963 533 industria,
953 502 963 511 ·
994 488 1144 536 deinde,
1165 489 1271 540 quod

145 551 296 583 mature
310 556 349 583 se
367 542 557 581 contulit
546 555 587 580 111
602 543 795 581 societates
809 542 1133 594 publicanorum:
1164 542 1270 594 quod

146 597 305 649 quidem
323 597 490 635 nollem:
517 596 699 636 maximis
718 596 822 634 enim
841 596 993 634 damnis
1022 597 1178 634 affectus
1197 603 1266 634 est.

146 652 225 691 Sed
242 659 371 690 tamen
391 664 504 690 causa
531 650 745 690 communis
768 650 924 696 ordinis,
951 650 1049 687 mihi
1073 662 1270 689 commen-

144 706 346 753 (latissimi,
367 705 455 744 fecit
466 705 674 744 amicitiam
685 712 854 743 nostram
866 703 1084 742 firmiorem.
1114 704 1269 743 Deinde

145 768 317 799 versatus
334 760 375 797 in
394 760 566 811 utrisque
580 759 768 798 subselliis
782 758 928 810 optima
948 765 985 796 et
999 758 1074 796 fide
1093 765 1132 797 et
1148 758 1268 808 fama,

140 815 225 864 jam
243 821 332 853 ante
349 813 449 852 hanc
478 814 817 852 commutationem
836 812 1069 863 reipublicae,
1092 812 1269 863 petitioni

144 881 225 907 soee
254 868 372 915 dedit,
403 868 664 919 honoremque
693 866 1006 905 honestissimum
1036 866 1270 905 existimavit

139 922 309 961 fructum
327 921 467 960 laboris
487 921 557 960 sui.

198 976 275 1014 His
294 983 423 1014 autem
446 975 682 1026 temporibus
705 989 728 1013 3
752 987 815 1012 1118
845 974 1053 1012 Brundisio
1072 987 1160 1013 cum
1179 975 1266 1014 lite-

140 1029 193 1069 ris
211 1038 250 1068 81
267 1029 457 1068 mandatis
475 1030 666 1080 profectus
678 1029 727 1067 ad
746 1028 937 1066 Caesarem
957 1036 1037 1066 est:
1068 1029 1147 1080 qua
1164 1029 1206 1066 in
1223 1042 1265 1068 re

141 1093 180 1122 et
198 1097 367 1122 amorem
387 1084 470 1132 ejus
492 1083 533 1120 in
562 1082 804 1133 suscipiendo
829 1082 981 1133 negotio
1003 1083 1194 1133 perspexi,
1226 1090 1265 1121 et

138 1138 180 1176 in
199 1137 430 1177 conficiendo
459 1150 502 1175 ac
531 1136 786 1174 renuntiando
812 1135 942 1173 fidem.
971 1136 1118 1174 Videor
1146 1136 1261 1186 mihi,

138 1205 228 1231 cum
247 1191 450 1253 separatim
469 1191 516 1229 de
534 1191 722 1242 probitate
741 1191 823 1240 ejus
843 1198 879 1227 et
896 1190 1068 1228 moribus
1088 1190 1261 1230 dicturus

136 1246 310 1292 fuissem,
342 1246 374 1284 51
392 1245 498 1297 prius
517 1257 685 1293 causam,
706 1258 773 1283 cur
791 1257 881 1282 eum
899 1252 1097 1295 tantopere
1124 1244 1260 1306 dilige-

134 1313 232 1349 rem,
252 1300 322 1338 tibi
341 1299 615 1351 exposuissem,
628 1299 668 1336 in
687 1298 771 1350 ipsa
790 1311 905 1337 causa
924 1298 1150 1349 exponenda
1169 1299 1261 1337 satis

136 1354 253 1393 etiam
284 1354 332 1393 de
363 1354 553 1405 probitate
581 1353 733 1391 dixisse.
777 1352 853 1390 Sed
882 1359 1012 1390 tamen
1052 1353 1258 1404 separatim

134 1408 330 1461 promitto,
362 1408 403 1445 in
432 1421 573 1460 meque
591 1407 745 1458 recipio,
765 1406 846 1444 fore
865 1419 953 1444 eum
976 1406 1046 1444 tibi
1065 1414 1103 1444 et
1121 1407 1259 1458 volup-

133 1463 204 1501 tati
222 1469 259 1501 et
277 1461 376 1500 usui.
406 1463 514 1500 Nam
537 1470 575 1500 et
588 1461 806 1499 modestum
824 1460 1022 1499 hominem
1041 1473 1255 1521 cognosces,

133 1524 171 1555 et
188 1516 431 1569 prudentem,
458 1523 496 1554 et
522 1529 544 1554 a
566 1515 772 1567 cupiditate
798 1515 904 1552 omni
922 1515 1252 1553 remotissimum·
1239 1543 1253 1562 ,

130 1578 312 1623 praeterea
330 1570 463 1622 magni
480 1570 633 1618 laboris,
651 1582 889 1620 summaeque
907 1569 1116 1607 industriae.

185 1625 228 1663 N
230 1635 415 1677 eque'ego
432 1624 514 1662 haec
532 1623 702 1676 polliceri
716 1623 849 1667 debeo,
871 1636 958 1674 quae
976 1623 1045 1660 tibi
1063 1623 1149 1674 ipsi,
1164 1636 1254 1662 cum

130 1681 228 1718 bene
247 1679 434 1730 cognoris,
452 1678 660 1728 judicanda
674 1685 790 1723 sunt3
822 1677 887 1715 sed
905 1684 1048 1724 tamen,
1070 1677 1110 1714 in
1129 1678 1255 1715 omni-

129 1735 203 1772 bus
232 1733 340 1771 novis
369 1733 715 1783 conjunctionibus,
746 1732 913 1780 interest,
948 1730 1072 1782 qualis
1103 1731 1253 1782 primus

129 1787 256 1826 aditus
287 1787 349 1836 sit,
388 1794 426 1825 et
458 1786 535 1838 qua
567 1786 896 1825 commendatione
929 1784 1039 1835 quasi
1074 1786 1253 1824 amicitiae

127 1842 227 1880 fores
257 1841 477 1892 aperiantur
493 1855 504 1879 ι
536 1840 640 1892 quod
658 1853 728 1891 ego
745 1840 806 1877 his
824 1839 942 1877 literis
957 1838 1102 1877 efficere
1120 1840 1248 1887 volui3

127 1895 198 1934 etsi
215 1895 257 1933 id
274 1895 358 1946 ipsa
375 1908 443 1946 per
469 1908 509 1933 se
533 1893 769 1933 necessitudo
797 1901 1000 1945 quaesturae
1019 1892 1164 1931 efficere
1183 1893 1252 1932 de-

124 1951 201 1989 bet.
230 1950 308 1988 Sed
325 1956 453 1987 tamen
473 1949 594 1987 nihilo
612 1948 804 1985 infirmius
829 1947 941 1994 illud,
961 1947 1033 1984 hoc
1052 1947 1193 1985 addito.

183 2002 290 2043 Cura
306 2003 441 2054 igitur,
460 2003 492 2041 si
509 2016 573 2041 me
592 2002 690 2041 tanti
709 2002 816 2050 facis,
834 2001 969 2053 quanti
988 2008 1025 2039 et
1041 2001 1168 2040 Varro
1183 2014 1252 2040 ex-

124 2057 283 2104 istimat,
303 2065 345 2095 et
361 2057 443 2109 ipse
471 2057 605 2105 sentio,
626 2064 670 2094 ut
689 2068 808 2107 quam
826 2056 997 2107 primum
1017 2055 1248 2106 intelligam,

122 2111 224 2150 hanc
251 2124 379 2149 meam
409 2110 781 2150 commendationem
809 2117 961 2148 tantum
986 2110 1044 2147 1111
1072 2110 1250 2148 utilitatis

123 2166 308 2212 attulisse,
341 2173 532 2217 quantum
565 2173 602 2204 et
633 2165 715 2217 ipse
739 2164 913 2217 sperarit,
939 2176 1010 2202 nec
1037 2176 1108 2216 ego
1133 2163 1248 2202 dubi-

116 2219 245 2258 tarim.
273 2219 386 2258 Vale.
412 2245 415 2247 Α

171 2274 341 2325 (Epist.)
363 2281 469 2314 vor..
493 2285 542 2313 11.
934 2283 957 2308 c
