1513 2382
294 71 379 112 AD
405 73 692 114 ATTICUM‚
722 73 824 113 Lm·
853 73 953 113 VII.
973 75 1013 113 9.
1136 71 1218 110 345

101 177 278 228 tendere3
306 181 420 220 illum
438 189 568 220 autem
586 183 743 221 initium
770 183 894 222 facere
911 192 1121 228 armorum,
1147 185 1218 216 aut

102 233 245 283 statim,
264 235 374 274 nobis
397 236 527 274 minus
545 237 702 288 paratis,
722 247 791 275 aut
812 244 912 284 tum,
933 249 1022 275 cum
1041 232 1221 280 comitiis,

103 287 234 326 amicis
266 289 348 339 ejus
365 290 662 341 postulantibus,
683 299 728 329 ut
754 304 774 328 e
803 291 888 341 lege
905 290 1000 328 ratio
1018 289 1219 334 habeatur,

102 341 350 393 impetratum
374 356 450 382 non
481 344 551 383 sit:
581 345 635 383 ire
661 351 790 383 autem
815 344 866 382 ad
885 357 1004 390 arma,
1027 349 1093 381 aut
1120 342 1225 379 hanc

102 406 222 434 unam
251 398 300 435 ob
320 409 487 446 causam,
508 398 612 450 quod
630 399 726 437 ratio
751 410 828 436 non
846 398 1044 444 habeatur,
1065 403 1133 434 aut
1151 394 1223 432 ad·

103 448 201 493 dita,
216 451 343 500 causa,
375 452 407 491 si
426 452 522 490 forte
549 452 725 491 tribunus
742 452 878 504 plebis,
906 459 1079 490 senatum
1099 450 1223 499 impe-

104 502 224 552 diens,
254 512 321 543 aut
349 507 536 558 populum
564 507 739 556 incitans,
762 513 929 554 notatus,
956 512 1023 543 aut
1053 507 1226 541 senatus-

104 559 277 596 consulto
302 560 621 612 circumscriptus,
645 568 712 599 aut
741 560 928 607 sublatus,
949 566 1016 597 aut
1040 556 1226 608 expulsus

106 610 167 657 sit,
188 611 361 652 dicensve
380 627 418 652 se
437 615 656 666 expulsum,
677 614 725 652 ad
744 614 857 651 illurn
876 611 1111 664 confugerit:
1143 622 1224 648 sus-

106 672 213 716 cepto
233 674 362 706 autem
387 668 502 716 bello,
524 677 591 707 aut
610 668 771 706 tenenda
797 668 846 705 sit
863 667 981 715 Urbs,
1003 673 1083 712 aut,
1104 663 1148 702 ea
1167 676 1226 701 re-

106 718 210 766 licta,
230 720 296 759 ille
311 730 525 760 commeatu
542 730 578 760 et
593 722 750 774 reliquis
761 721 877 773 copiis
890 718 1200 759 inter-eludendus
1215 731 1228 753 ε

106 773 210 824 quod
239 774 379 813 horum
406 777 611 824 malorum,
636 788 803 827 quorum
833 774 990 826 aliquod
1009 780 1107 812 certe
1133 772 1226 810 sub·

106 827 279 866 eundum
298 836 367 877 est,
388 831 597 868 minimum
616 838 738 881 putes.
1223 871 1225 873 .

111 905 113 907 -
159 880 289 929 Dices,
310 884 492 934 profecto,
520 884 739 935 persuaderi
767 884 838 931 illi,
870 891 915 921 ut
936 881 1061 920 tradat
1086 878 1230 918 exerci-

106 940 206 983 tum,
227 944 264 974 et
281 936 335 974 ita
354 938 486 976 consul
505 938 581 977 fiat.
612 938 685 976 Est
703 938 859 976 omnino
884 937 925 974 id
944 934 1146 985 ejusmodi,
1167 939 1228 981 ut,

106 988 140 1027 si
156 989 223 1028 ille
241 1003 286 1028 eo
305 991 520 1039 descendat,
552 999 682 1030 contra
710 992 785 1030 dici
814 991 912 1029 nihil
936 989 1081 1042 possit:
1112 987 1231 1039 idque

105 1055 211 1089 eum,
233 1044 264 1082 si
282 1057 359 1082 non
377 1046 524 1084 obtinet
548 1054 592 1084 ut
617 1046 714 1084 ratio
734 1046 919 1083 habeatur
937 1042 1134 1081 retinentis
1160 1054 1229 1079 ex-

107 1097 283 1146 ercitum,
303 1111 381 1137 non
400 1100 521 1138 facere
539 1101 667 1138 miror.
698 1100 824 1138 Nobis
844 1106 988 1145 autem,
1004 1105 1048 1135 ut
1067 1095 1228 1148 quidam

109 1149 279 1205 [putat,]
299 1153 397 1191 nihil
408 1161 463 1192 est
477 1154 692 1192 timendum
706 1154 844 1204 magis,
866 1165 983 1205 quam
997 1151 1063 1189 ille
1082 1148 1227 1188 consul.

105 1208 166 1243 At
195 1206 247 1244 sic
274 1207 392 1256 malo,
423 1207 588 1260 inquies,
621 1221 739 1260 quam
763 1220 852 1246 cum
875 1206 1055 1245 exercitu.
1088 1202 1200 1243 Certe
1215 1217 1227 1240 ε

106 1259 174 1298 sed
198 1260 302 1299 istud
326 1261 470 1314 ipsum,
503 1261 552 1312 [“
571 1263 703 1314 ,δίε-,Ἴ
734 1274 921 1313 magnum
947 1259 1097 1298 malum
1119 1262 1231 1309 putet

107 1312 246 1365 aliquis
259 1330 270 1352 ε
301 1327 427 1368 neque
456 1316 491 1354 ei
519 1316 732 1355 remedium
758 1325 814 1354 est
833 1315 985 1353 ullum:
1016 1312 1229 1351 cedendum

107 1375 178 1414 ωτι,
205 1368 237 1406 si
255 1368 296 1407 id
323 1371 433 1409 volet.
464 1370 566 1409 Vide
585 1371 779 1409 consulem
804 1370 917 1408 illum
936 1368 1090 1415 iterum,
1112 1378 1230 1418 quem

108 1421 237 1460 vidisti
269 1425 468 1463 consulatu
493 1425 630 1477 priore.
660 1425 719 1462 At
740 1432 840 1471 tum,
869 1422 1101 1468 imbecillus,
1128 1420 1231 1471 plus,

107 1474 249 1527 inquis,
280 1478 415 1528 valuit,
449 1492 568 1531 quam
605 1486 684 1517 tota
713 1479 938 1529 respublica.
981 1475 1090 1523 Quid
1125 1485 1230 1510 nunc

107 1533 252 1580 putas?
282 1538 333 1581 et,
353 1546 397 1571 eo
422 1534 589 1582 consule,
611 1533 799 1585 Pompeio
825 1539 971 1571 certum
997 1537 1053 1568 est
1084 1540 1163 1567 esse
1190 1526 1234 1564 in

111 1583 317 1635 Hispania.
389 1587 394 1590 “

164 1637 203 1676 O
222 1651 305 1676 rem
319 1639 498 1679 miseram
515 1640 524 1678 !
556 1640 587 1679 si
605 1641 762 1693 quidem
776 1640 816 1678 id
835 1639 964 1691 ipsum
982 1634 1233 1676 deterrimum

110 1698 181 1740 est,
203 1692 308 1744 quod
325 1695 489 1733 recusari
506 1707 584 1733 non
603 1702 753 1745 potest3
785 1701 821 1732 et
846 1692 950 1745 quod
969 1692 1034 1730 ille
1053 1691 1085 1729 si
1102 1688 1232 1738 faciat,

107 1747 191 1796 jam
215 1747 298 1795 jam
327 1760 350 1786 a
370 1749 480 1787 bonis
510 1749 689 1787 omnibus
713 1760 908 1787 summam
930 1746 1033 1784 ineat
1058 1744 1235 1795 gratiam.

113 1800 317 1840 'sonamus
341 1801 460 1853 igitur
483 1803 570 1848 hoc,
604 1816 682 1854 quo
714 1803 827 1840 illum
859 1813 968 1853 posse
997 1798 1136 1837 adduci
1168 1810 1236 1836 ne-

112 1861 230 1905 gant:
261 1854 308 1893 de
339 1856 494 1908 reliquis
521 1856 614 1909 quid
641 1863 697 1895 est
725 1855 972 1895 deterrimum
990 1856 1008 1893 ἓ
1038 1851 1240 1891 concedere

113 1907 186 1956 illi,
218 1908 322 1960 quod
342 1912 404 1953 (ut
428 1911 531 1948 idem
559 1910 666 1957 dicit)
696 1908 1031 1961 impudentissime
1055 1905 1237 1958 postulat.

116 1961 225 2000 Nam
250 1963 345 2015 quid
373 1964 666 2016 impudentius?
697 1963 877 2002 Tenuisti
906 1961 1141 2014 provinciam
1171 1972 1239 2011 per

114 2015 248 2054 decem
280 2029 413 2067 annos,
445 2031 521 2057 non
540 2018 612 2057 tibi
634 2032 657 2056 a
686 2026 835 2065 senatu,
867 2016 933 2055 sed
959 2030 982 2054 a
1001 2023 1040 2054 te
1061 2015 1145 2066 ipso
1170 2026 1240 2065 per

114 2069 196 2108 vim
215 2077 252 2109 et
275 2084 344 2122 per
364 2072 584 2121 factionem,
609 2072 730 2110 datos.
760 2070 950 2110 Praeteriit
971 2078 1139 2120 tempus,
1162 2078 1242 2105 non

114 2123 227 2175 legis,
247 2125 313 2164 sed
330 2125 502 2165 libidinis
521 2135 623 2165 tuae:
655 2126 716 2165 fac
734 2133 879 2172 tamen,
901 2124 1008 2176 legis.
1040 2123 1099 2161 Ut
1117 2134 1245 2160 succe-

112 2176 242 2228 datur,
261 2178 500 2220 decernitur:
531 2180 722 2232 impedis;
753 2187 790 2219 et
808 2179 878 2227 ais,
899 2178 1015 2217 Habe
1032 2176 1110 2216 mei
1127 2175 1242 2214 ratio-
