1513 2382
326 86 408 137 11)
436 96 722 137 ATTICUM.
752 96 852 136 LIB.
875 95 975 135 vn.
1009 97 1069 136 15.
1180 99 1263 137 353

143 217 225 245 rem
253 218 499 258 magnopere,
533 204 640 257 quod
662 204 893 250 scriberem,
924 205 989 243 sed
1018 212 1063 243 ut
1090 205 1267 257 loquerer

144 267 272 298 tecum
291 262 453 298 absens·
441 287 453 304 ,
484 271 562 310 quo
590 258 700 303 mihi,
725 271 815 297 cum
845 271 971 296 coram
998 259 1039 296 id
1066 272 1144 297 non
1163 260 1266 309 licet,

146 312 245 351 1111111
263 320 318 351 aet
332 313 554 364 jucundius.

204 366 383 418 Capuam
401 380 491 405 cum
509 366 698 405 venissem
716 379 749 404 a.
769 366 806 404 d.
832 365 896 405 VI
916 366 1118 415 Calendas,
1146 366 1270 418 pridie

151 432 271 472 quam
289 420 357 459 has
384 421 512 458 literas
537 421 639 468 dedi,
667 421 840 458 consules
858 420 1030 467 conveni,
1050 421 1270 472 multosque

151 474 271 512 nostri
295 475 449 512 ordinis.
478 474 628 513 Omnes
646 474 849 525 cupiebant
867 473 1071 520 Caesarem,
1098 473 1271 512 abductis

153 527 351 579 praesidiis,
373 536 470 566 stare
489 527 768 566 conditionibus
787 527 847 574 iis,
869 540 965 579 quas
991 528 1150 566 tulisset.
1189 528 1272 566 Uni

155 581 340 630 Favonio,
360 582 461 632 leges
487 584 535 620 ab
561 582 628 620 1110
647 582 756 620 1101118
784 581 946 632 imponi,
974 593 1052 619 non
1070 582 1270 633 placebat:

156 635 271 674 sedis
289 635 395 674 haud
414 635 567 674 auditus
584 635 624 673 in
644 635 810 674 consilio.
847 635 944 673 Cato
963 635 1065 673 enim
1092 635 1174 686 ipse
1189 636 1273 684 jam

156 689 308 738 servire,
330 702 446 741 quam
465 699 652 740 pugnare,
679 690 840 727 mavult.
882 689 958 727 Sed
987 696 1117 727 tamen
1145 689 1212 736 ait,
1232 689 1274 727 in

156 750 287 781 senatu
307 756 347 782 se
366 743 493 781 adesse
511 744 622 790 velle,
647 756 736 781 cum
755 743 802 780 de
826 742 1104 781 conditionibus
1124 750 1273 793 agatur,

157 797 189 835 si
219 797 346 835 Caesar
375 796 562 835 adductus
594 797 656 844 sit,
687 804 732 834 ut
763 796 939 847 praesidia
975 796 1150 835 deducat.
1195 796 1272 846 lta,

156 851 261 902 quod
278 851 448 889 maxime
472 864 569 902 opus
598 858 666 899 est,
686 850 727 887 in
754 850 925 889 Siciliam
957 850 1012 888 ire
1040 863 1118 888 non
1143 858 1272 889 curat:

155 905 259 955 quod
277 912 409 943 metuo
427 917 476 942 ne
494 904 606 951 obsit,
622 904 662 942 in
682 911 817 942 senatu
836 916 915 942 esse
939 904 1034 942 vult.
1065 905 1276 942 Postumus

156 965 301 1007 autem,
321 958 369 997 de
396 971 473 1009 quo
501 957 731 996 nominatim
759 966 910 996 senatus
936 957 1114 1006 decrevit,
1135 965 1180 996 ut
1199 967 1274 996 sta-

155 1012 227 1050 tim
256 1013 298 1050 in
328 1012 498 1051 Siciliam
527 1012 611 1060 iret,
632 1012 881 1062 Furfanoque
906 1012 1134 1059 succederet,
1161 1018 1276 1063 negat

156 1079 195 1104 se
223 1065 302 1104 sine
321 1066 466 1105 Catone
483 1066 656 1104 1111111111.
687 1072 724 1103 et
752 1078 862 1104 suam
889 1065 930 1103 in
959 1073 1091 1104 senatu
1120 1078 1277 1117 operam

157 1120 497 1171 auctoritatemque
527 1132 646 1171 quam
675 1119 809 1170 magni
834 1119 1008 1157 aestimat.
1051 1119 1114 1157 Ita
1136 1133 1195 1158 res
1227 1119 1278 1158 ad

159 1173 355 1211 Fannium
373 1173 555 1226 pervenit.
583 1172 624 1211 Is
643 1185 732 1212 cum
750 1172 911 1224 imperio
929 1173 971 1211 in
991 1173 1160 1212 Siciliam
1178 1186 1277 1226 prae-

157 1227 334 1266 mittitur.

213 1280 263 1319 In
294 1281 616 1334 disputationibus
651 1282 789 1320 nostris
826 1294 978 1321 summa
1013 1281 1173 1321 varietas
1210 1289 1278 1321 est.

159 1334 338 1386 Plerique
356 1343 511 1387 negant,
532 1337 722 1375 Caesarem
739 1336 781 1373 in
800 1336 1013 1374 conditione
1023 1348 1277 1382 mansurum:

159 1390 427 1441 postulataque
445 1390 527 1428 haec
545 1392 593 1428 ab
614 1404 657 1428 eo
675 1391 896 1442 interposita
924 1403 1017 1439 esse,
1039 1403 1115 1441 quo
1134 1390 1278 1439 minus,

159 1443 265 1494 quod
283 1456 380 1495 opus
399 1451 494 1482 esset
522 1444 571 1482 ad
587 1445 748 1493 bellum,
776 1458 799 1482 a
817 1444 926 1482 nobis
944 1452 1153 1495 pararetur.
1192 1444 1281 1494 Ego

159 1504 290 1535 autem
309 1510 398 1535 eum
416 1505 511 1548 puto
525 1498 717 1536 facturum
736 1505 781 1535 ut
798 1498 975 1549 praesidia
994 1497 1167 1535 deducat.
1208 1498 1281 1536 Vi-

158 1550 250 1588 cerit
268 1551 386 1598 0111111,
414 1551 445 1589 81
470 1552 602 1590 consul
632 1552 755 1590 factus
780 1552 875 1596 erit,
865 1565 874 1575 ·
907 1559 944 1589 et
969 1552 1115 1589 minore
1145 1551 1281 1590 scelere

155 1604 300 1652 vicerit,
317 1617 436 1655 quam
451 1619 528 1657 quo
540 1605 730 1656 ingressus
746 1613 812 1643 est.
845 1605 921 1643 Sed
936 1604 1154 1666 accipienda
1165 1605 1280 1656 plaga

155 1666 223 1696 est.
264 1659 408 1697 Sumus
439 1660 542 1696 enim
565 1659 751 1710 flagitiose
779 1659 973 1710 imparati,
998 1671 1088 1697 cum
1107 1672 1129 1696 a
1147 1659 1281 1697 militi-

155 1713 242 1759 bus,
277 1719 361 1749 tum
393 1726 415 1750 a
448 1713 635 1763 pecunia3
665 1725 784 1764 quam
812 1712 969 1764 quidem
1000 1725 1169 1760 omnem,
1201 1725 1279 1751 non

155 1766 272 1804 modo
299 1765 384 1817 prix
385 1774 502 1813 atam,
524 1779 611 1828 quae
629 1767 669 1804 in
690 1767 797 1805 Urbe
823 1774 892 1813 est,
914 1766 980 1804 sed
1008 1766 1124 1805 etiam
1149 1767 1279 1818 publi-

156 1833 258 1865 cam,
278 1833 365 1871 quae
383 1820 424 1857 in
444 1821 574 1858 aerario
593 1827 662 1869 est,
683 1820 741 1857 illi
758 1795 997 1871 reliquimus.

224 1874 433 1924 Pompeius
473 1874 522 1912 ad
553 1875 722 1925 legiones
757 1874 938 1912 Attianas
971 1882 1026 1913 est
1062 1874 1276 1925 profectus:

159 1927 379 1965 Labienum
409 1941 538 1966 secum
560 1928 689 1966 habet.
730 1928 818 1979 Ego
836 1936 922 1966 tuas
940 1928 1136 1980 opiniones
1154 1928 1202 1967 de
1219 1928 1281 1967 his

161 1983 276 2073 regus
295 1989 482 2033 exspecto.
512 1982 688 2022 Formias
706 1994 770 2021 me
795 1982 977 2022 continuo
996 1982 1160 2035 recipere
1178 1982 1282 2034 cogi-

164 2042 204 2073 ta
231 2047 307 2074 am.

842 2253 961 2290 2113
