<?xml version="1.0" encoding="UTF-8"?>
<!DOCTYPE html PUBLIC "-//W3C//DTD XHTML 1.0 Transitional//EN"
    "http://www.w3.org/TR/xhtml1/DTD/xhtml1-transitional.dtd">
<html xmlns="http://www.w3.org/1999/xhtml" xml:lang="en" lang="en">
 <head>
  <title>
</title>
<meta http-equiv="Content-Type" content="text/html;charset=utf-8" />
  <meta name='ocr-system' content='tesseract 3.04.00' />
  <meta name='ocr-capabilities' content='ocr_page ocr_carea ocr_par ocr_line ocrx_word'/>
</head>
<body>
  <div class='ocr_page' id='page_1' title='image "./operaern10ciceuoft_0043.png"; bbox 0 0 1513 2382; ppageno 0'>
   <div class='ocr_carea' id='block_1_1' title="bbox 266 106 1222 168">
    <p class='ocr_par' dir='ltr' id='par_1_1' title="bbox 266 106 1222 168">
     <span class='ocr_line' id='line_1_1' title="bbox 266 106 1222 168; baseline 0.006 -6"><span class='ocrx_word' id='word_1_1' title='bbox 266 124 350 163; x_wconf 91' lang='lat' dir='ltr'><strong>AD</strong></span> <span class='ocrx_word' id='word_1_2' title='bbox 379 124 674 165; x_wconf 79' lang='lat' dir='ltr'><strong>DIVERsos.</strong></span> <span class='ocrx_word' id='word_1_3' title='bbox 706 126 806 165; x_wconf 76' lang='lat' dir='ltr'><strong>Lm.</strong></span> <span class='ocrx_word' id='word_1_4' title='bbox 838 125 965 166; x_wconf 81' lang='lat' dir='ltr'>x111.</span> <span class='ocrx_word' id='word_1_5' title='bbox 998 128 1065 165; x_wconf 85' lang='lat'><strong>28.</strong></span> <span class='ocrx_word' id='word_1_6' title='bbox 1166 106 1222 168; x_wconf 58' lang='lat'><strong>29&#39;</strong></span> 
     </span>
    </p>
   </div>
   <div class='ocr_carea' id='block_1_2' title="bbox 101 231 1231 2324">
    <p class='ocr_par' dir='ltr' id='par_1_2' title="bbox 101 231 1227 1026">
     <span class='ocr_line' id='line_1_2' title="bbox 101 231 1218 286; baseline 0.004 -16"><span class='ocrx_word' id='word_1_7' title='bbox 101 245 187 283; x_wconf 85' lang='lat' dir='ltr'><strong>ago,</strong></span> <span class='ocrx_word' id='word_1_8' title='bbox 207 245 297 271; x_wconf 90' lang='lat' dir='ltr'><strong>cum</strong></span> <span class='ocrx_word' id='word_1_9' title='bbox 315 232 435 271; x_wconf 85' lang='lat' dir='ltr'><strong>fecisti</strong></span> <span class='ocrx_word' id='word_1_10' title='bbox 460 233 608 284; x_wconf 80' lang='lat' dir='ltr'><strong>aliquid</strong></span> <span class='ocrx_word' id='word_1_11' title='bbox 626 233 955 272; x_wconf 86' lang='lat' dir='ltr'>commendatione</span> <span class='ocrx_word' id='word_1_12' title='bbox 972 231 1083 281; x_wconf 66' lang='lat' dir='ltr'><strong>mea3</strong></span> <span class='ocrx_word' id='word_1_13' title='bbox 1114 236 1218 286; x_wconf 89' lang='lat' dir='ltr'><strong>quod</strong></span> 
     </span>
     <span class='ocr_line' id='line_1_3' title="bbox 103 286 1221 339; baseline 0.004 -14"><span class='ocrx_word' id='word_1_14' title='bbox 103 299 251 337; x_wconf 84' lang='lat' dir='ltr'>semper</span> <span class='ocrx_word' id='word_1_15' title='bbox 268 286 372 325; x_wconf 89' lang='lat' dir='ltr'><strong>facis.</strong></span> <span class='ocrx_word' id='word_1_16' title='bbox 403 286 630 326; x_wconf 81' lang='lat' dir='ltr'><strong>Incredibile</strong></span> <span class='ocrx_word' id='word_1_17' title='bbox 644 295 700 325; x_wconf 87' lang='lat' dir='ltr'><strong>est</strong></span> <span class='ocrx_word' id='word_1_18' title='bbox 713 288 831 336; x_wconf 89' lang='lat' dir='ltr'><strong>enim,</strong></span> <span class='ocrx_word' id='word_1_19' title='bbox 852 301 947 339; x_wconf 88' lang='lat' dir='ltr'><strong>quas</strong></span> <span class='ocrx_word' id='word_1_20' title='bbox 966 288 1063 326; x_wconf 90' lang='lat' dir='ltr'><strong>mihi</strong></span> <span class='ocrx_word' id='word_1_21' title='bbox 1080 289 1221 339; x_wconf 86' lang='lat' dir='ltr'><strong>gratias</strong></span> 
     </span>
     <span class='ocr_line' id='line_1_4' title="bbox 102 341 1223 392; baseline 0.003 -14"><span class='ocrx_word' id='word_1_22' title='bbox 102 352 235 378; x_wconf 91' lang='lat' dir='ltr'><strong>omnes</strong></span> <span class='ocrx_word' id='word_1_23' title='bbox 253 347 382 392; x_wconf 83' lang='lat' dir='ltr'>agant,</span> <span class='ocrx_word' id='word_1_24' title='bbox 411 341 526 379; x_wconf 89' lang='lat' dir='ltr'><strong>etiam</strong></span> <span class='ocrx_word' id='word_1_25' title='bbox 550 341 788 379; x_wconf 85' lang='lat' dir='ltr'><strong>mediocriter</strong></span> <span class='ocrx_word' id='word_1_26' title='bbox 806 355 829 379; x_wconf 88' lang='lat' dir='ltr'><strong>a</strong></span> <span class='ocrx_word' id='word_1_27' title='bbox 847 354 911 379; x_wconf 91' lang='lat' dir='ltr'><strong>me</strong></span> <span class='ocrx_word' id='word_1_28' title='bbox 938 342 1010 379; x_wconf 88' lang='lat' dir='ltr'><strong>tibi</strong></span> <span class='ocrx_word' id='word_1_29' title='bbox 1028 355 1223 381; x_wconf 89' lang='lat' dir='ltr'><strong>commen-</strong></span> 
     </span>
     <span class='ocr_line' id='line_1_5' title="bbox 103 393 1222 445; baseline 0.003 -14"><span class='ocrx_word' id='word_1_30' title='bbox 103 393 210 431; x_wconf 84' lang='lat' dir='ltr'><strong>dati:</strong></span> <span class='ocrx_word' id='word_1_31' title='bbox 240 407 327 444; x_wconf 85' lang='lat' dir='ltr'><strong>quae</strong></span> <span class='ocrx_word' id='word_1_32' title='bbox 351 395 448 432; x_wconf 89' lang='lat' dir='ltr'><strong>mihi</strong></span> <span class='ocrx_word' id='word_1_33' title='bbox 478 395 608 432; x_wconf 85' lang='lat' dir='ltr'><strong>omnia</strong></span> <span class='ocrx_word' id='word_1_34' title='bbox 631 402 765 445; x_wconf 86' lang='lat' dir='ltr'><strong>grata:</strong></span> <span class='ocrx_word' id='word_1_35' title='bbox 796 395 861 433; x_wconf 87' lang='lat' dir='ltr'><strong>sed</strong></span> <span class='ocrx_word' id='word_1_36' title='bbox 890 396 938 433; x_wconf 89' lang='lat' dir='ltr'><strong>de</strong></span> <span class='ocrx_word' id='word_1_37' title='bbox 960 396 1009 433; x_wconf 81' lang='lat' dir='ltr'><strong>L.</strong></span> <span class='ocrx_word' id='word_1_38' title='bbox 1031 396 1222 435; x_wconf 81' lang='lat' dir='ltr'><strong>Mescinio</strong></span> 
     </span>
     <span class='ocr_line' id='line_1_6' title="bbox 103 448 1225 498; baseline 0.003 -13"><span class='ocrx_word' id='word_1_39' title='bbox 103 448 375 498; x_wconf 85' lang='lat' dir='ltr'><strong>gratissimum.</strong></span> <span class='ocrx_word' id='word_1_40' title='bbox 406 449 468 487; x_wconf 88' lang='lat' dir='ltr'><strong>Sic</strong></span> <span class='ocrx_word' id='word_1_41' title='bbox 498 448 601 486; x_wconf 88' lang='lat' dir='ltr'><strong>enim</strong></span> <span class='ocrx_word' id='word_1_42' title='bbox 634 456 689 487; x_wconf 84' lang='lat' dir='ltr'><strong>est</strong></span> <span class='ocrx_word' id='word_1_43' title='bbox 716 461 868 487; x_wconf 86' lang='lat' dir='ltr'><strong>mecum</strong></span> <span class='ocrx_word' id='word_1_44' title='bbox 898 449 1063 497; x_wconf 86' lang='lat' dir='ltr'><strong>locutus,</strong></span> <span class='ocrx_word' id='word_1_45' title='bbox 1097 457 1148 497; x_wconf 81' lang='lat' dir='ltr'><strong>te,</strong></span> <span class='ocrx_word' id='word_1_46' title='bbox 1179 458 1225 488; x_wconf 86' lang='lat' dir='ltr'><strong>ut</strong></span> 
     </span>
     <span class='ocr_line' id='line_1_7' title="bbox 103 501 1225 555; baseline 0.003 -16"><span class='ocrx_word' id='word_1_47' title='bbox 103 514 208 540; x_wconf 90' lang='lat' dir='ltr'><strong>meas</strong></span> <span class='ocrx_word' id='word_1_48' title='bbox 226 501 352 541; x_wconf 84' lang='lat' dir='ltr'><strong>literas</strong></span> <span class='ocrx_word' id='word_1_49' title='bbox 370 503 519 553; x_wconf 87' lang='lat' dir='ltr'><strong>legeris,</strong></span> <span class='ocrx_word' id='word_1_50' title='bbox 541 502 670 541; x_wconf 84' lang='lat' dir='ltr'><strong>statim</strong></span> <span class='ocrx_word' id='word_1_51' title='bbox 689 504 995 554; x_wconf 81' lang='lat' dir='ltr'><strong>procuratoribus</strong></span> <span class='ocrx_word' id='word_1_52' title='bbox 1015 503 1093 541; x_wconf 90' lang='lat' dir='ltr'><strong>suis</strong></span> <span class='ocrx_word' id='word_1_53' title='bbox 1111 505 1225 555; x_wconf 84' lang='lat' dir='ltr'><strong>poni-</strong></span> 
     </span>
     <span class='ocr_line' id='line_1_8' title="bbox 103 555 1225 609; baseline 0.003 -16"><span class='ocrx_word' id='word_1_54' title='bbox 103 555 224 594; x_wconf 88' lang='lat' dir='ltr'><strong>citum</strong></span> <span class='ocrx_word' id='word_1_55' title='bbox 244 569 321 594; x_wconf 87' lang='lat' dir='ltr'><strong>esse</strong></span> <span class='ocrx_word' id='word_1_56' title='bbox 346 556 504 602; x_wconf 82' lang='lat' dir='ltr'><strong>omnia3</strong></span> <span class='ocrx_word' id='word_1_57' title='bbox 534 557 659 594; x_wconf 89' lang='lat' dir='ltr'><strong>multo</strong></span> <span class='ocrx_word' id='word_1_58' title='bbox 689 569 776 595; x_wconf 91' lang='lat' dir='ltr'><strong>vero</strong></span> <span class='ocrx_word' id='word_1_59' title='bbox 797 557 912 609; x_wconf 90' lang='lat' dir='ltr'><strong>plura</strong></span> <span class='ocrx_word' id='word_1_60' title='bbox 937 564 974 595; x_wconf 90' lang='lat' dir='ltr'><strong>et</strong></span> <span class='ocrx_word' id='word_1_61' title='bbox 998 558 1144 606; x_wconf 87' lang='lat' dir='ltr'><strong>majora</strong></span> <span class='ocrx_word' id='word_1_62' title='bbox 1168 558 1225 596; x_wconf 90' lang='lat' dir='ltr'><strong>fe-</strong></span> 
     </span>
     <span class='ocr_line' id='line_1_9' title="bbox 103 608 1224 662; baseline 0.001 -14"><span class='ocrx_word' id='word_1_63' title='bbox 103 609 206 648; x_wconf 86' lang='lat' dir='ltr'><strong>cisse.</strong></span> <span class='ocrx_word' id='word_1_64' title='bbox 238 608 286 648; x_wconf 86' lang='lat' dir='ltr'><strong>Id</strong></span> <span class='ocrx_word' id='word_1_65' title='bbox 310 610 428 661; x_wconf 87' lang='lat' dir='ltr'><strong>igitur</strong></span> <span class='ocrx_word' id='word_1_66' title='bbox 448 613 559 661; x_wconf 91' lang='lat' dir='ltr'><strong>(puto</strong></span> <span class='ocrx_word' id='word_1_67' title='bbox 585 610 688 648; x_wconf 88' lang='lat' dir='ltr'><strong>enim</strong></span> <span class='ocrx_word' id='word_1_68' title='bbox 713 611 829 649; x_wconf 89' lang='lat' dir='ltr'><strong>etiam</strong></span> <span class='ocrx_word' id='word_1_69' title='bbox 853 619 969 662; x_wconf 87' lang='lat' dir='ltr'><strong>atque</strong></span> <span class='ocrx_word' id='word_1_70' title='bbox 994 611 1108 649; x_wconf 84' lang='lat' dir='ltr'><strong>etiam</strong></span> <span class='ocrx_word' id='word_1_71' title='bbox 1126 612 1224 650; x_wconf 91' lang='lat' dir='ltr'><strong>mihi</strong></span> 
     </span>
     <span class='ocr_line' id='line_1_10' title="bbox 103 663 1226 716; baseline 0.002 -15"><span class='ocrx_word' id='word_1_72' title='bbox 103 663 309 702; x_wconf 90' lang='lat' dir='ltr'><strong>dicendum</strong></span> <span class='ocrx_word' id='word_1_73' title='bbox 339 671 432 711; x_wconf 88' lang='lat' dir='ltr'><strong>esse)</strong></span> <span class='ocrx_word' id='word_1_74' title='bbox 453 665 568 702; x_wconf 87' lang='lat' dir='ltr'><strong>velim</strong></span> <span class='ocrx_word' id='word_1_75' title='bbox 587 664 792 712; x_wconf 83' lang='lat' dir='ltr'><strong>existimes,</strong></span> <span class='ocrx_word' id='word_1_76' title='bbox 812 664 910 702; x_wconf 88' lang='grc'>1111111</span> <span class='ocrx_word' id='word_1_77' title='bbox 934 673 973 703; x_wconf 91' lang='lat' dir='ltr'><strong>te</strong></span> <span class='ocrx_word' id='word_1_78' title='bbox 990 665 1120 703; x_wconf 88' lang='lat' dir='ltr'><strong>fecisse</strong></span> <span class='ocrx_word' id='word_1_79' title='bbox 1138 679 1226 716; x_wconf 89' lang='lat' dir='ltr'><strong>gra-</strong></span> 
     </span>
     <span class='ocr_line' id='line_1_11' title="bbox 104 717 1223 769; baseline 0.003 -14"><span class='ocrx_word' id='word_1_80' title='bbox 104 717 309 756; x_wconf 83' lang='lat' dir='ltr'><strong>tissimum.</strong></span> <span class='ocrx_word' id='word_1_81' title='bbox 351 718 469 766; x_wconf 87' lang='lat' dir='ltr'><strong>Quod</strong></span> <span class='ocrx_word' id='word_1_82' title='bbox 506 718 664 769; x_wconf 87' lang='lat' dir='ltr'><strong>quidem</strong></span> <span class='ocrx_word' id='word_1_83' title='bbox 699 718 771 757; x_wconf 89' lang='lat' dir='ltr'><strong>hoc</strong></span> <span class='ocrx_word' id='word_1_84' title='bbox 808 719 1069 757; x_wconf 84' lang='lat' dir='ltr'><strong>vehementius</strong></span> <span class='ocrx_word' id='word_1_85' title='bbox 1101 720 1223 767; x_wconf 87' lang='lat' dir='ltr'><strong>laetor,</strong></span> 
     </span>
     <span class='ocr_line' id='line_1_12' title="bbox 106 771 1226 825; baseline 0.002 -16"><span class='ocrx_word' id='word_1_86' title='bbox 106 771 211 822; x_wconf 86' lang='lat' dir='ltr'><strong>quod</strong></span> <span class='ocrx_word' id='word_1_87' title='bbox 230 785 277 810; x_wconf 80' lang='lat' dir='ltr'><strong>ex</strong></span> <span class='ocrx_word' id='word_1_88' title='bbox 305 771 388 823; x_wconf 89' lang='lat' dir='ltr'><strong>ipso</strong></span> <span class='ocrx_word' id='word_1_89' title='bbox 416 772 605 811; x_wconf 88' lang='lat' dir='ltr'><strong>Mescinio</strong></span> <span class='ocrx_word' id='word_1_90' title='bbox 630 780 668 810; x_wconf 87' lang='lat' dir='ltr'><strong>te</strong></span> <span class='ocrx_word' id='word_1_91' title='bbox 689 773 799 811; x_wconf 86' lang='lat' dir='ltr'><strong>video</strong></span> <span class='ocrx_word' id='word_1_92' title='bbox 817 785 999 823; x_wconf 88' lang='lat' dir='ltr'><strong>magnam</strong></span> <span class='ocrx_word' id='word_1_93' title='bbox 1022 780 1226 825; x_wconf 87' lang='lat' dir='ltr'><strong>capturum</strong></span> 
     </span>
     <span class='ocr_line' id='line_1_13' title="bbox 108 825 1225 878; baseline 0.003 -15"><span class='ocrx_word' id='word_1_94' title='bbox 108 825 357 876; x_wconf 85' lang='lat' dir='ltr'><strong>voluptatem.</strong></span> <span class='ocrx_word' id='word_1_95' title='bbox 386 826 460 864; x_wconf 87' lang='lat' dir='ltr'><strong>Est</strong></span> <span class='ocrx_word' id='word_1_96' title='bbox 480 826 583 864; x_wconf 90' lang='lat' dir='ltr'><strong>enim</strong></span> <span class='ocrx_word' id='word_1_97' title='bbox 601 826 643 863; x_wconf 91' lang='lat' dir='ltr'><strong>in</strong></span> <span class='ocrx_word' id='word_1_98' title='bbox 661 839 705 864; x_wconf 91' lang='lat' dir='ltr'><strong>eo</strong></span> <span class='ocrx_word' id='word_1_99' title='bbox 724 839 813 865; x_wconf 87' lang='lat' dir='ltr'><strong>cum</strong></span> <span class='ocrx_word' id='word_1_100' title='bbox 832 827 966 874; x_wconf 84' lang='lat' dir='ltr'><strong>virtus,</strong></span> <span class='ocrx_word' id='word_1_101' title='bbox 986 834 1022 865; x_wconf 89' lang='lat' dir='ltr'><strong>et</strong></span> <span class='ocrx_word' id='word_1_102' title='bbox 1040 828 1225 878; x_wconf 80' lang='lat' dir='ltr'><strong>probitas,</strong></span> 
     </span>
     <span class='ocr_line' id='line_1_14' title="bbox 108 880 1227 931; baseline 0.003 -14"><span class='ocrx_word' id='word_1_103' title='bbox 108 888 146 917; x_wconf 87' lang='lat' dir='ltr'><strong>et</strong></span> <span class='ocrx_word' id='word_1_104' title='bbox 176 892 373 917; x_wconf 88' lang='lat' dir='ltr'><strong>summum</strong></span> <span class='ocrx_word' id='word_1_105' title='bbox 398 880 581 925; x_wconf 83' lang='lat' dir='ltr'><strong>officium,</strong></span> <span class='ocrx_word' id='word_1_106' title='bbox 609 892 839 931; x_wconf 89' lang='lat' dir='ltr'><strong>summaque</strong></span> <span class='ocrx_word' id='word_1_107' title='bbox 863 882 1113 929; x_wconf 88' lang='lat' dir='ltr'><strong>observantia,</strong></span> <span class='ocrx_word' id='word_1_108' title='bbox 1139 888 1227 920; x_wconf 86' lang='lat' dir='ltr'><strong>tum</strong></span> 
     </span>
     <span class='ocr_line' id='line_1_15' title="bbox 108 932 1226 986; baseline 0.003 -15"><span class='ocrx_word' id='word_1_109' title='bbox 108 932 233 974; x_wconf 84' lang='lat' dir='ltr'><strong>studia</strong></span> <span class='ocrx_word' id='word_1_110' title='bbox 251 934 318 971; x_wconf 87' lang='lat' dir='ltr'><strong>illa</strong></span> <span class='ocrx_word' id='word_1_111' title='bbox 342 941 482 982; x_wconf 88' lang='lat' dir='ltr'><strong>nostra,</strong></span> <span class='ocrx_word' id='word_1_112' title='bbox 504 934 645 986; x_wconf 90' lang='lat' dir='ltr'><strong>quibus</strong></span> <span class='ocrx_word' id='word_1_113' title='bbox 673 941 784 972; x_wconf 85' lang='lat' dir='ltr'><strong>antea</strong></span> <span class='ocrx_word' id='word_1_114' title='bbox 801 934 1098 985; x_wconf 84' lang='lat' dir='ltr'><strong>delectabamur,</strong></span> <span class='ocrx_word' id='word_1_115' title='bbox 1121 947 1226 974; x_wconf 91' lang='lat' dir='ltr'><strong>nunc</strong></span> 
     </span>
     <span class='ocr_line' id='line_1_16' title="bbox 108 987 418 1026; baseline 0.003 -2"><span class='ocrx_word' id='word_1_116' title='bbox 108 987 223 1025; x_wconf 89' lang='lat' dir='ltr'><strong>etiam</strong></span> <span class='ocrx_word' id='word_1_117' title='bbox 243 988 418 1026; x_wconf 66' lang='lat' dir='ltr'><strong>vivimus.</strong></span> 
     </span>
    </p>

    <p class='ocr_par' dir='ltr' id='par_1_3' title="bbox 105 1040 1229 1634">
     <span class='ocr_line' id='line_1_17' title="bbox 163 1040 1229 1094; baseline 0.004 -16"><span class='ocrx_word' id='word_1_118' title='bbox 163 1040 282 1088; x_wconf 87' lang='lat' dir='ltr'><strong>Quod</strong></span> <span class='ocrx_word' id='word_1_119' title='bbox 299 1042 492 1092; x_wconf 88' lang='lat' dir='ltr'><strong>reliquum</strong></span> <span class='ocrx_word' id='word_1_120' title='bbox 524 1050 591 1090; x_wconf 89' lang='lat' dir='ltr'><strong>est,</strong></span> <span class='ocrx_word' id='word_1_121' title='bbox 613 1042 728 1081; x_wconf 87' lang='lat' dir='ltr'><strong>velim</strong></span> <span class='ocrx_word' id='word_1_122' title='bbox 748 1056 887 1094; x_wconf 87' lang='lat' dir='ltr'><strong>augeas</strong></span> <span class='ocrx_word' id='word_1_123' title='bbox 909 1050 976 1081; x_wconf 88' lang='lat' dir='ltr'><strong>tua</strong></span> <span class='ocrx_word' id='word_1_124' title='bbox 993 1043 1034 1081; x_wconf 94' lang='lat' dir='ltr'><strong>in</strong></span> <span class='ocrx_word' id='word_1_125' title='bbox 1053 1056 1142 1081; x_wconf 91' lang='lat' dir='ltr'><strong>eum</strong></span> <span class='ocrx_word' id='word_1_126' title='bbox 1160 1045 1229 1082; x_wconf 91' lang='lat' dir='ltr'><strong>be-</strong></span> 
     </span>
     <span class='ocr_line' id='line_1_18' title="bbox 106 1094 1227 1157; baseline 0.004 -25"><span class='ocrx_word' id='word_1_127' title='bbox 106 1094 241 1132; x_wconf 89' lang='lat' dir='ltr'><strong>neficia</strong></span> <span class='ocrx_word' id='word_1_128' title='bbox 258 1096 436 1133; x_wconf 90' lang='lat' dir='ltr'><strong>omnibus</strong></span> <span class='ocrx_word' id='word_1_129' title='bbox 454 1098 582 1157; x_wconf 83' lang='lat' dir='ltr'><strong>rebus,</strong></span> <span class='ocrx_word' id='word_1_130' title='bbox 603 1109 690 1147; x_wconf 85' lang='lat' dir='ltr'><strong>quae</strong></span> <span class='ocrx_word' id='word_1_131' title='bbox 709 1103 745 1135; x_wconf 91' lang='lat' dir='ltr'><strong>te</strong></span> <span class='ocrx_word' id='word_1_132' title='bbox 765 1104 876 1134; x_wconf 85' lang='lat' dir='ltr'><strong>erunt</strong></span> <span class='ocrx_word' id='word_1_133' title='bbox 893 1097 1031 1147; x_wconf 86' lang='lat' dir='ltr'><strong>dignae.</strong></span> <span class='ocrx_word' id='word_1_134' title='bbox 1061 1098 1137 1136; x_wconf 89' lang='lat' dir='ltr'><strong>Sed</strong></span> <span class='ocrx_word' id='word_1_135' title='bbox 1150 1097 1227 1136; x_wconf 92' lang='lat' dir='ltr'><strong>duo</strong></span> 
     </span>
     <span class='ocr_line' id='line_1_19' title="bbox 105 1148 1227 1212; baseline 0.003 -27"><span class='ocrx_word' id='word_1_136' title='bbox 105 1148 263 1199; x_wconf 87' lang='lat' dir='ltr'><strong>quidem</strong></span> <span class='ocrx_word' id='word_1_137' title='bbox 293 1156 330 1189; x_wconf 81' lang='lat' dir='ltr'><strong>te</strong></span> <span class='ocrx_word' id='word_1_138' title='bbox 358 1150 587 1190; x_wconf 82' lang='lat' dir='ltr'><strong>nominatim</strong></span> <span class='ocrx_word' id='word_1_139' title='bbox 616 1163 734 1201; x_wconf 85' lang='lat' dir='ltr'><strong>rogo:</strong></span> <span class='ocrx_word' id='word_1_140' title='bbox 765 1150 950 1212; x_wconf 72' lang='lat' dir='ltr'><strong>primurn,</strong></span> <span class='ocrx_word' id='word_1_141' title='bbox 980 1158 1038 1200; x_wconf 88' lang='lat' dir='ltr'><strong>ut,</strong></span> <span class='ocrx_word' id='word_1_142' title='bbox 1070 1151 1102 1201; x_wconf 89' lang='lat' dir='ltr'><strong>si</strong></span> <span class='ocrx_word' id='word_1_143' title='bbox 1131 1152 1227 1202; x_wconf 86' lang='lat' dir='ltr'><strong>quid</strong></span> 
     </span>
     <span class='ocr_line' id='line_1_20' title="bbox 106 1202 1226 1256; baseline 0.003 -16"><span class='ocrx_word' id='word_1_144' title='bbox 106 1202 368 1241; x_wconf 87' lang='lat' dir='ltr'><strong>satisdandum</strong></span> <span class='ocrx_word' id='word_1_145' title='bbox 394 1203 479 1251; x_wconf 90' lang='lat' dir='ltr'><strong>erit,</strong></span> <span class='ocrx_word' id='word_1_146' title='bbox 510 1206 538 1227; x_wconf 72' lang='lat'><strong>‘⁶</strong></span> <span class='ocrx_word' id='word_1_147' title='bbox 554 1204 740 1255; x_wconf 88' lang='lat' dir='ltr'><strong>Amplius</strong></span> <span class='ocrx_word' id='word_1_148' title='bbox 764 1217 807 1242; x_wconf 89' lang='lat' dir='ltr'><strong>eo</strong></span> <span class='ocrx_word' id='word_1_149' title='bbox 833 1204 988 1243; x_wconf 88' lang='lat' dir='ltr'><strong>nomine</strong></span> <span class='ocrx_word' id='word_1_150' title='bbox 1007 1217 1085 1242; x_wconf 89' lang='lat' dir='ltr'><strong>non</strong></span> <span class='ocrx_word' id='word_1_151' title='bbox 1102 1205 1226 1256; x_wconf 83' lang='lat' dir='ltr'><strong>peti,”</strong></span> 
     </span>
     <span class='ocr_line' id='line_1_21' title="bbox 107 1255 1226 1307; baseline 0.002 -13"><span class='ocrx_word' id='word_1_152' title='bbox 107 1255 228 1304; x_wconf 86' lang='lat' dir='ltr'><strong>cures,</strong></span> <span class='ocrx_word' id='word_1_153' title='bbox 245 1264 289 1295; x_wconf 90' lang='lat' dir='ltr'><strong>ut</strong></span> <span class='ocrx_word' id='word_1_154' title='bbox 308 1257 508 1295; x_wconf 84' lang='lat' dir='ltr'><strong>satisdetur</strong></span> <span class='ocrx_word' id='word_1_155' title='bbox 526 1258 601 1296; x_wconf 90' lang='lat' dir='ltr'><strong>fide</strong></span> <span class='ocrx_word' id='word_1_156' title='bbox 619 1271 718 1296; x_wconf 83' lang='lat' dir='ltr'><strong>mea.</strong></span> <span class='ocrx_word' id='word_1_157' title='bbox 751 1258 915 1307; x_wconf 89' lang='lat' dir='ltr'><strong>Deinde,</strong></span> <span class='ocrx_word' id='word_1_158' title='bbox 936 1271 1025 1297; x_wconf 88' lang='lat' dir='ltr'><strong>cum</strong></span> <span class='ocrx_word' id='word_1_159' title='bbox 1040 1258 1118 1296; x_wconf 89' lang='lat' dir='ltr'><strong>fere</strong></span> <span class='ocrx_word' id='word_1_160' title='bbox 1136 1271 1226 1297; x_wconf 87' lang='lat' dir='ltr'><strong>con-</strong></span> 
     </span>
     <span class='ocr_line' id='line_1_22' title="bbox 107 1311 1228 1364; baseline 0.003 -16"><span class='ocrx_word' id='word_1_161' title='bbox 107 1311 214 1349; x_wconf 83' lang='lat' dir='ltr'><strong>sistat</strong></span> <span class='ocrx_word' id='word_1_162' title='bbox 232 1311 460 1350; x_wconf 68' lang='lat' dir='ltr'><strong>haereditas</strong></span> <span class='ocrx_word' id='word_1_163' title='bbox 450 1324 491 1349; x_wconf 89' lang='lat' dir='ltr'><strong>m</strong></span> <span class='ocrx_word' id='word_1_164' title='bbox 509 1312 555 1350; x_wconf 90' lang='lat' dir='ltr'><strong>iis</strong></span> <span class='ocrx_word' id='word_1_165' title='bbox 574 1313 686 1350; x_wconf 92' lang='lat' dir='ltr'><strong>rebus</strong></span> <span class='ocrx_word' id='word_1_166' title='bbox 706 1326 801 1363; x_wconf 89' lang='lat' dir='ltr'><strong>quas</strong></span> <span class='ocrx_word' id='word_1_167' title='bbox 820 1311 954 1350; x_wconf 86' lang='lat' dir='ltr'><strong>avertit</strong></span> <span class='ocrx_word' id='word_1_168' title='bbox 973 1312 1118 1363; x_wconf 86' lang='lat' dir='ltr'><strong>Oppia,</strong></span> <span class='ocrx_word' id='word_1_169' title='bbox 1139 1326 1228 1364; x_wconf 85' lang='lat' dir='ltr'><strong>quae</strong></span> 
     </span>
     <span class='ocr_line' id='line_1_23' title="bbox 106 1365 1228 1418; baseline 0.002 -16"><span class='ocrx_word' id='word_1_170' title='bbox 106 1378 204 1403; x_wconf 84' lang='lat' dir='ltr'><strong>uxor</strong></span> <span class='ocrx_word' id='word_1_171' title='bbox 217 1365 362 1403; x_wconf 82' lang='lat' dir='ltr'><strong>Mindii</strong></span> <span class='ocrx_word' id='word_1_172' title='bbox 372 1366 447 1404; x_wconf 89' lang='lat' dir='ltr'><strong>fuit</strong></span> <span class='ocrx_word' id='word_1_173' title='bbox 464 1380 474 1411; x_wconf 84' lang='lat'>3</span> <span class='ocrx_word' id='word_1_174' title='bbox 497 1366 692 1416; x_wconf 83' lang='lat' dir='ltr'><strong>adjuves,</strong></span> <span class='ocrx_word' id='word_1_175' title='bbox 682 1379 863 1418; x_wconf 83' lang='lat' dir='ltr'><strong>measque</strong></span> <span class='ocrx_word' id='word_1_176' title='bbox 877 1366 1077 1413; x_wconf 87' lang='lat' dir='ltr'><strong>rationem,</strong></span> <span class='ocrx_word' id='word_1_177' title='bbox 1091 1379 1228 1417; x_wconf 92' lang='lat' dir='ltr'><strong>quem-</strong></span> 
     </span>
     <span class='ocr_line' id='line_1_24' title="bbox 108 1418 1227 1471; baseline 0.002 -15"><span class='ocrx_word' id='word_1_178' title='bbox 108 1418 318 1457; x_wconf 86' lang='lat' dir='ltr'><strong>admodum</strong></span> <span class='ocrx_word' id='word_1_179' title='bbox 349 1433 393 1458; x_wconf 89' lang='lat' dir='ltr'><strong>ea</strong></span> <span class='ocrx_word' id='word_1_180' title='bbox 414 1421 553 1458; x_wconf 90' lang='lat' dir='ltr'><strong>mulier</strong></span> <span class='ocrx_word' id='word_1_181' title='bbox 584 1421 752 1458; x_wconf 87' lang='lat' dir='ltr'><strong>Romam</strong></span> <span class='ocrx_word' id='word_1_182' title='bbox 775 1420 1017 1471; x_wconf 86' lang='lat' dir='ltr'><strong>perducatur.</strong></span> <span class='ocrx_word' id='word_1_183' title='bbox 1047 1420 1166 1468; x_wconf 84' lang='lat' dir='ltr'><strong>Quod</strong></span> <span class='ocrx_word' id='word_1_184' title='bbox 1194 1421 1227 1458; x_wconf 90' lang='lat' dir='ltr'><strong>si</strong></span> 
     </span>
     <span class='ocr_line' id='line_1_25' title="bbox 109 1473 1227 1525; baseline 0.002 -15"><span class='ocrx_word' id='word_1_185' title='bbox 109 1473 256 1524; x_wconf 66' lang='lat' dir='ltr'><strong>putarit</strong></span> <span class='ocrx_word' id='word_1_186' title='bbox 287 1474 355 1512; x_wconf 85' lang='lat' dir='ltr'><strong>illa</strong></span> <span class='ocrx_word' id='word_1_187' title='bbox 385 1474 490 1520; x_wconf 83' lang='lat' dir='ltr'><strong>fore3</strong></span> <span class='ocrx_word' id='word_1_188' title='bbox 525 1482 570 1512; x_wconf 87' lang='lat' dir='ltr'><strong>ut</strong></span> <span class='ocrx_word' id='word_1_189' title='bbox 602 1474 731 1525; x_wconf 89' lang='lat' dir='ltr'><strong>opinio</strong></span> <span class='ocrx_word' id='word_1_190' title='bbox 759 1482 887 1512; x_wconf 87' lang='lat' dir='ltr'><strong>nostra</strong></span> <span class='ocrx_word' id='word_1_191' title='bbox 924 1482 994 1522; x_wconf 91' lang='lat' dir='ltr'><strong>est,</strong></span> <span class='ocrx_word' id='word_1_192' title='bbox 1028 1474 1227 1525; x_wconf 86' lang='lat' dir='ltr'><strong>negotium</strong></span> 
     </span>
     <span class='ocr_line' id='line_1_26' title="bbox 109 1527 1227 1580; baseline 0.002 -15"><span class='ocrx_word' id='word_1_193' title='bbox 109 1527 363 1566; x_wconf 84' lang='lat' dir='ltr'><strong>conficiemus.</strong></span> <span class='ocrx_word' id='word_1_194' title='bbox 404 1529 493 1566; x_wconf 88' lang='lat' dir='ltr'><strong>Hoc</strong></span> <span class='ocrx_word' id='word_1_195' title='bbox 538 1536 583 1566; x_wconf 87' lang='lat' dir='ltr'><strong>ut</strong></span> <span class='ocrx_word' id='word_1_196' title='bbox 615 1541 877 1580; x_wconf 84' lang='lat' dir='ltr'><strong>assequamur,</strong></span> <span class='ocrx_word' id='word_1_197' title='bbox 915 1534 954 1566; x_wconf 88' lang='lat' dir='ltr'><strong>te</strong></span> <span class='ocrx_word' id='word_1_198' title='bbox 983 1527 1227 1567; x_wconf 87' lang='lat' dir='ltr'><strong>vehementer</strong></span> 
     </span>
     <span class='ocr_line' id='line_1_27' title="bbox 109 1581 615 1634; baseline 0.002 -15"><span class='ocrx_word' id='word_1_199' title='bbox 109 1581 225 1619; x_wconf 85' lang='lat' dir='ltr'><strong>etiam</strong></span> <span class='ocrx_word' id='word_1_200' title='bbox 244 1589 359 1634; x_wconf 89' lang='lat' dir='ltr'><strong>atque</strong></span> <span class='ocrx_word' id='word_1_201' title='bbox 378 1583 493 1621; x_wconf 86' lang='lat' dir='ltr'><strong>etiam</strong></span> <span class='ocrx_word' id='word_1_202' title='bbox 511 1595 615 1633; x_wconf 86' lang='lat' dir='ltr'><strong>rogo.</strong></span> 
     </span>
    </p>

    <p class='ocr_par' dir='ltr' id='par_1_4' title="bbox 105 1634 1229 1903">
     <span class='ocr_line' id='line_1_28' title="bbox 163 1634 1226 1688; baseline 0.001 -15"><span class='ocrx_word' id='word_1_203' title='bbox 163 1634 284 1681; x_wconf 88' lang='lat' dir='ltr'><strong>Illud,</strong></span> <span class='ocrx_word' id='word_1_204' title='bbox 305 1637 408 1688; x_wconf 89' lang='lat' dir='ltr'><strong>quod</strong></span> <span class='ocrx_word' id='word_1_205' title='bbox 427 1650 543 1688; x_wconf 91' lang='lat' dir='ltr'><strong>supra</strong></span> <span class='ocrx_word' id='word_1_206' title='bbox 567 1636 712 1688; x_wconf 88' lang='lat' dir='ltr'><strong>scripsi,</strong></span> <span class='ocrx_word' id='word_1_207' title='bbox 731 1636 772 1674; x_wconf 89' lang='lat' dir='ltr'><strong>id</strong></span> <span class='ocrx_word' id='word_1_208' title='bbox 797 1635 837 1673; x_wconf 92' lang='lat' dir='ltr'><strong>in</strong></span> <span class='ocrx_word' id='word_1_209' title='bbox 855 1648 919 1674; x_wconf 89' lang='lat' dir='ltr'><strong>me</strong></span> <span class='ocrx_word' id='word_1_210' title='bbox 937 1635 1090 1687; x_wconf 86' lang='lat' dir='ltr'><strong>recipio,</strong></span> <span class='ocrx_word' id='word_1_211' title='bbox 1111 1642 1149 1674; x_wconf 90' lang='lat' dir='ltr'><strong>te</strong></span> <span class='ocrx_word' id='word_1_212' title='bbox 1167 1649 1226 1684; x_wconf 89' lang='lat' dir='ltr'><strong>ea,</strong></span> 
     </span>
     <span class='ocr_line' id='line_1_29' title="bbox 110 1690 1229 1742; baseline 0.002 -15"><span class='ocrx_word' id='word_1_213' title='bbox 110 1703 198 1741; x_wconf 84' lang='lat' dir='ltr'><strong>quae</strong></span> <span class='ocrx_word' id='word_1_214' title='bbox 216 1690 336 1728; x_wconf 81' lang='lat' dir='ltr'><strong>fecisti</strong></span> <span class='ocrx_word' id='word_1_215' title='bbox 360 1691 405 1728; x_wconf 88' lang='lat' dir='ltr'><strong>M</strong></span> <span class='ocrx_word' id='word_1_216' title='bbox 411 1691 541 1729; x_wconf 87' lang='lat' dir='ltr'><strong>escinii</strong></span> <span class='ocrx_word' id='word_1_217' title='bbox 559 1691 686 1737; x_wconf 67' lang='lat' dir='ltr'><strong>causa,</strong></span> <span class='ocrx_word' id='word_1_218' title='bbox 714 1703 878 1742; x_wconf 87' lang='lat' dir='ltr'><strong>quaeque</strong></span> <span class='ocrx_word' id='word_1_219' title='bbox 896 1690 1040 1738; x_wconf 89' lang='lat' dir='ltr'><strong>feceris,</strong></span> <span class='ocrx_word' id='word_1_220' title='bbox 1060 1690 1114 1728; x_wconf 88' lang='lat' dir='ltr'><strong>ita</strong></span> <span class='ocrx_word' id='word_1_221' title='bbox 1131 1691 1229 1729; x_wconf 84' lang='lat' dir='ltr'><strong>bene</strong></span> 
     </span>
     <span class='ocr_line' id='line_1_30' title="bbox 108 1743 1228 1796; baseline -0.001 -14"><span class='ocrx_word' id='word_1_222' title='bbox 108 1743 396 1792; x_wconf 82' lang='lat' dir='ltr'><strong>collocaturum,</strong></span> <span class='ocrx_word' id='word_1_223' title='bbox 426 1752 470 1782; x_wconf 84' lang='lat' dir='ltr'><strong>ut</strong></span> <span class='ocrx_word' id='word_1_224' title='bbox 488 1745 569 1796; x_wconf 89' lang='lat' dir='ltr'><strong>ipse</strong></span> <span class='ocrx_word' id='word_1_225' title='bbox 590 1745 752 1794; x_wconf 88' lang='lat' dir='ltr'><strong>judices,</strong></span> <span class='ocrx_word' id='word_1_226' title='bbox 771 1744 920 1782; x_wconf 86' lang='lat' dir='ltr'><strong>homini</strong></span> <span class='ocrx_word' id='word_1_227' title='bbox 938 1751 975 1782; x_wconf 84' lang='lat' dir='ltr'><strong>te</strong></span> <span class='ocrx_word' id='word_1_228' title='bbox 998 1743 1228 1794; x_wconf 87' lang='lat' dir='ltr'><strong>gratissimo,</strong></span> 
     </span>
     <span class='ocr_line' id='line_1_31' title="bbox 105 1797 1228 1850; baseline 0 -15"><span class='ocrx_word' id='word_1_229' title='bbox 105 1798 398 1847; x_wconf 86' lang='lat' dir='ltr'><strong>jucundissimo,</strong></span> <span class='ocrx_word' id='word_1_230' title='bbox 430 1800 594 1850; x_wconf 86' lang='lat' dir='ltr'><strong>benigne</strong></span> <span class='ocrx_word' id='word_1_231' title='bbox 622 1798 762 1837; x_wconf 87' lang='lat' dir='ltr'><strong>fecisse.</strong></span> <span class='ocrx_word' id='word_1_232' title='bbox 818 1798 921 1836; x_wconf 91' lang='lat' dir='ltr'><strong>Volo</strong></span> <span class='ocrx_word' id='word_1_233' title='bbox 950 1798 1068 1846; x_wconf 89' lang='lat' dir='ltr'><strong>enim,</strong></span> <span class='ocrx_word' id='word_1_234' title='bbox 1102 1797 1152 1835; x_wconf 90' lang='lat' dir='ltr'><strong>ad</strong></span> <span class='ocrx_word' id='word_1_235' title='bbox 1186 1797 1228 1836; x_wconf 90' lang='lat' dir='ltr'><strong>id</strong></span> 
     </span>
     <span class='ocr_line' id='line_1_32' title="bbox 110 1851 1032 1903; baseline 0 -14"><span class='ocrx_word' id='word_1_236' title='bbox 110 1852 215 1903; x_wconf 89' lang='lat' dir='ltr'><strong>quod</strong></span> <span class='ocrx_word' id='word_1_237' title='bbox 227 1853 316 1890; x_wconf 65' lang='lat' dir='ltr'><strong>mea</strong></span> <span class='ocrx_word' id='word_1_238' title='bbox 334 1851 447 1891; x_wconf 69' lang='lat' dir='ltr'><strong>causa</strong></span> <span class='ocrx_word' id='word_1_239' title='bbox 463 1853 602 1901; x_wconf 82' lang='lat' dir='ltr'><strong>fecisti,</strong></span> <span class='ocrx_word' id='word_1_240' title='bbox 622 1852 694 1890; x_wconf 93' lang='lat' dir='ltr'><strong>hoc</strong></span> <span class='ocrx_word' id='word_1_241' title='bbox 713 1852 829 1890; x_wconf 86' lang='lat' dir='ltr'><strong>etiam</strong></span> <span class='ocrx_word' id='word_1_242' title='bbox 848 1851 1032 1890; x_wconf 89' lang='lat' dir='ltr'><strong>accedere.</strong></span> 
     </span>
    </p>

    <p class='ocr_par' dir='ltr' id='par_1_5' title="bbox 110 1905 1231 2279">
     <span class='ocr_line' id='line_1_33' title="bbox 162 1905 1231 1958; baseline 0.001 -15"><span class='ocrx_word' id='word_1_243' title='bbox 162 1906 205 1943; x_wconf 91' lang='lat' dir='ltr'>N</span> <span class='ocrx_word' id='word_1_244' title='bbox 207 1919 248 1944; x_wconf 82' lang='lat' dir='ltr'><strong>ec</strong></span> <span class='ocrx_word' id='word_1_245' title='bbox 277 1906 587 1945; x_wconf 70' lang='lat' dir='ltr'><strong>Lacedaemonios</strong></span> <span class='ocrx_word' id='word_1_246' title='bbox 619 1906 793 1945; x_wconf 86' lang='lat' dir='ltr'><strong>dubitare</strong></span> <span class='ocrx_word' id='word_1_247' title='bbox 825 1906 998 1953; x_wconf 88' lang='lat' dir='ltr'><strong>arbitror,</strong></span> <span class='ocrx_word' id='word_1_248' title='bbox 1033 1905 1128 1957; x_wconf 91' lang='lat' dir='ltr'><strong>quin</strong></span> <span class='ocrx_word' id='word_1_249' title='bbox 1155 1905 1231 1958; x_wconf 91' lang='lat' dir='ltr'><strong>ipsi</strong></span> 
     </span>
     <span class='ocr_line' id='line_1_34' title="bbox 110 1959 1230 2012; baseline 0.001 -15"><span class='ocrx_word' id='word_1_250' title='bbox 110 1959 182 1998; x_wconf 63' lang='lat' dir='ltr'><strong>sua</strong></span> <span class='ocrx_word' id='word_1_251' title='bbox 199 1961 470 2012; x_wconf 86' lang='lat' dir='ltr'><strong>majorumque</strong></span> <span class='ocrx_word' id='word_1_252' title='bbox 499 1973 657 2000; x_wconf 88' lang='lat' dir='ltr'><strong>suorum</strong></span> <span class='ocrx_word' id='word_1_253' title='bbox 675 1960 897 1999; x_wconf 81' lang='lat' dir='ltr'><strong>auctoritate</strong></span> <span class='ocrx_word' id='word_1_254' title='bbox 916 1959 1004 1998; x_wconf 85' lang='lat' dir='ltr'><strong>satis</strong></span> <span class='ocrx_word' id='word_1_255' title='bbox 1033 1972 1230 1999; x_wconf 87' lang='lat' dir='ltr'><strong>commen-</strong></span> 
     </span>
     <span class='ocr_line' id='line_1_35' title="bbox 111 2013 1231 2065; baseline 0.001 -14"><span class='ocrx_word' id='word_1_256' title='bbox 111 2014 190 2052; x_wconf 79' lang='lat' dir='ltr'><strong>dati</strong></span> <span class='ocrx_word' id='word_1_257' title='bbox 216 2014 291 2052; x_wconf 88' lang='lat' dir='ltr'><strong>sint</strong></span> <span class='ocrx_word' id='word_1_258' title='bbox 309 2015 399 2053; x_wconf 90' lang='lat' dir='ltr'><strong>fidei</strong></span> <span class='ocrx_word' id='word_1_259' title='bbox 416 2022 454 2052; x_wconf 87' lang='lat' dir='ltr'><strong>et</strong></span> <span class='ocrx_word' id='word_1_260' title='bbox 468 2015 626 2064; x_wconf 89' lang='lat' dir='ltr'><strong>justitiae</strong></span> <span class='ocrx_word' id='word_1_261' title='bbox 644 2024 745 2052; x_wconf 87' lang='lat' dir='ltr'><strong>tuae:</strong></span> <span class='ocrx_word' id='word_1_262' title='bbox 777 2021 814 2052; x_wconf 89' lang='lat' dir='ltr'><strong>et</strong></span> <span class='ocrx_word' id='word_1_263' title='bbox 833 2027 916 2065; x_wconf 85' lang='lat' dir='ltr'><strong>ego,</strong></span> <span class='ocrx_word' id='word_1_264' title='bbox 937 2013 1005 2065; x_wconf 92' lang='lat' dir='ltr'><strong>qui</strong></span> <span class='ocrx_word' id='word_1_265' title='bbox 1029 2020 1068 2052; x_wconf 88' lang='lat' dir='ltr'><strong>te</strong></span> <span class='ocrx_word' id='word_1_266' title='bbox 1085 2013 1231 2065; x_wconf 87' lang='lat' dir='ltr'><strong>optime</strong></span> 
     </span>
     <span class='ocr_line' id='line_1_36' title="bbox 110 2067 1230 2120; baseline -0.001 -14"><span class='ocrx_word' id='word_1_267' title='bbox 110 2068 313 2118; x_wconf 89' lang='lat' dir='ltr'><strong>novissem,</strong></span> <span class='ocrx_word' id='word_1_268' title='bbox 334 2081 412 2106; x_wconf 89' lang='lat' dir='ltr'><strong>non</strong></span> <span class='ocrx_word' id='word_1_269' title='bbox 444 2069 631 2117; x_wconf 86' lang='lat' dir='ltr'><strong>dubitavi,</strong></span> <span class='ocrx_word' id='word_1_270' title='bbox 661 2069 755 2120; x_wconf 92' lang='lat' dir='ltr'><strong>quin</strong></span> <span class='ocrx_word' id='word_1_271' title='bbox 775 2068 845 2106; x_wconf 83' lang='lat' dir='ltr'><strong>tibi</strong></span> <span class='ocrx_word' id='word_1_272' title='bbox 863 2067 1059 2107; x_wconf 86' lang='lat' dir='ltr'><strong>notissima</strong></span> <span class='ocrx_word' id='word_1_273' title='bbox 1077 2075 1114 2105; x_wconf 85' lang='lat' dir='ltr'><strong>et</strong></span> <span class='ocrx_word' id='word_1_274' title='bbox 1139 2069 1230 2117; x_wconf 80' lang='lat' dir='ltr'><strong>jura.</strong></span> 
     </span>
     <span class='ocr_line' id='line_1_37' title="bbox 111 2121 1229 2175; baseline -0.001 -14"><span class='ocrx_word' id='word_1_275' title='bbox 111 2129 148 2161; x_wconf 87' lang='lat' dir='ltr'><strong>et</strong></span> <span class='ocrx_word' id='word_1_276' title='bbox 166 2123 301 2161; x_wconf 86' lang='lat' dir='ltr'><strong>merita</strong></span> <span class='ocrx_word' id='word_1_277' title='bbox 324 2123 556 2174; x_wconf 90' lang='lat' dir='ltr'><strong>populorum</strong></span> <span class='ocrx_word' id='word_1_278' title='bbox 584 2130 717 2162; x_wconf 85' lang='lat' dir='ltr'><strong>essent.</strong></span> <span class='ocrx_word' id='word_1_279' title='bbox 748 2121 899 2175; x_wconf 86' lang='lat' dir='ltr'><strong>Itaque,</strong></span> <span class='ocrx_word' id='word_1_280' title='bbox 919 2134 1009 2161; x_wconf 90' lang='lat' dir='ltr'><strong>cum</strong></span> <span class='ocrx_word' id='word_1_281' title='bbox 1033 2135 1057 2160; x_wconf 88' lang='lat' dir='ltr'><strong>a</strong></span> <span class='ocrx_word' id='word_1_282' title='bbox 1080 2134 1144 2160; x_wconf 89' lang='lat' dir='ltr'><strong>me</strong></span> <span class='ocrx_word' id='word_1_283' title='bbox 1162 2135 1229 2173; x_wconf 89' lang='lat' dir='ltr'><strong>pe-</strong></span> 
     </span>
     <span class='ocr_line' id='line_1_38' title="bbox 113 2175 1229 2228; baseline -0.002 -13"><span class='ocrx_word' id='word_1_284' title='bbox 113 2183 206 2215; x_wconf 82' lang='lat' dir='ltr'><strong>teret</strong></span> <span class='ocrx_word' id='word_1_285' title='bbox 236 2177 441 2228; x_wconf 86' lang='lat' dir='ltr'><strong>Philippus</strong></span> <span class='ocrx_word' id='word_1_286' title='bbox 476 2177 804 2224; x_wconf 66' lang='lat' dir='ltr'><strong>Lacedaemonius,</strong></span> <span class='ocrx_word' id='word_1_287' title='bbox 843 2183 888 2215; x_wconf 88' lang='lat' dir='ltr'><strong>ut</strong></span> <span class='ocrx_word' id='word_1_288' title='bbox 931 2175 1002 2214; x_wconf 78' lang='lat' dir='ltr'><strong>tibi</strong></span> <span class='ocrx_word' id='word_1_289' title='bbox 1038 2175 1229 2214; x_wconf 86' lang='lat' dir='ltr'><strong>civitatem</strong></span> 
     </span>
     <span class='ocr_line' id='line_1_39' title="bbox 113 2229 1228 2279; baseline 0 -10"><span class='ocrx_word' id='word_1_290' title='bbox 113 2230 445 2279; x_wconf 79' lang='lat' dir='ltr'><strong>commendarem3</strong></span> <span class='ocrx_word' id='word_1_291' title='bbox 477 2232 546 2271; x_wconf 83' lang='lat' dir='ltr'><strong>etsi</strong></span> <span class='ocrx_word' id='word_1_292' title='bbox 566 2231 832 2279; x_wconf 83' lang='lat' dir='ltr'><strong>memineram,</strong></span> <span class='ocrx_word' id='word_1_293' title='bbox 853 2243 916 2270; x_wconf 86' lang='lat' dir='ltr'><strong>me</strong></span> <span class='ocrx_word' id='word_1_294' title='bbox 935 2229 970 2268; x_wconf 88' lang='lat' dir='ltr'><strong>ei</strong></span> <span class='ocrx_word' id='word_1_295' title='bbox 988 2229 1130 2270; x_wconf 78' lang='lat' dir='ltr'><strong>civitati</strong></span> <span class='ocrx_word' id='word_1_296' title='bbox 1144 2242 1228 2269; x_wconf 87' lang='lat' dir='ltr'><strong>om-</strong></span> 
     </span>
    </p>

    <p class='ocr_par' dir='ltr' id='par_1_6' title="bbox 881 2284 957 2324">
     <span class='ocr_line' id='line_1_40' title="bbox 881 2284 957 2324; baseline -0.039 0"><span class='ocrx_word' id='word_1_297' title='bbox 881 2295 912 2324; x_wconf 82' lang='lat' dir='ltr'><strong>n</strong></span> <span class='ocrx_word' id='word_1_298' title='bbox 932 2284 957 2321; x_wconf 88' lang='grc'>3</span> 
     </span>
    </p>
   </div>
  </div>
 </body>
</html>
