1513 2382
215 108 296 154 376
403 111 487 149 AD
515 111 800 152 ATTICUM.
831 112 932 152 11113.
953 111 1077 151 VIII.
1106 111 1145 150 9.

213 223 345 263 acturo
358 220 377 257 Ρ
406 218 565 268 Quanto
582 228 712 260 autem
736 221 896 261 ferocius
913 220 980 259 ille
998 231 1122 259 causae
1139 229 1219 256 suae
1241 226 1330 255 oon-

213 270 318 320 fidet,
352 285 442 311 cum
470 287 550 322 vos,
571 288 660 314 cum
688 276 800 314 vestri
830 275 985 322 similes,
1011 285 1090 312 non
1115 270 1231 310 modo
1255 269 1331 308 fre—

213 332 387 375 quentes,
413 327 478 365 sed
499 328 587 367 laeto
605 329 716 367 vultu
741 330 990 381 gratulantes,
1009 325 1174 366 viderit!
1215 324 1329 363 Num

214 377 333 429 igitur
358 393 560 431 peccamus
574 385 592 421 ’ἓ
621 383 791 421 Minime
815 396 881 422 vos
905 382 1075 434 quidem.
1102 379 1178 419 Sed
1200 386 1331 417 tamen

214 432 322 483 signa
353 437 641 484 conturbantur,
674 437 814 489 quibus
841 437 1018 475 voluntas
1039 448 1063 473 a
1088 431 1331 472 simulatione

213 485 398 538 distingui
419 498 556 540 posset.
592 489 694 538 Quae
711 503 799 529 vero
824 488 1167 529 senatus-consulta
1182 485 1293 526 video
1309 487 1329 524 ?

215 540 280 578 sed
298 542 479 592 apertius,
499 556 618 595 quam
636 556 920 595 proposueram.

267 594 356 646 Ego
364 597 507 647 Arpini
526 598 611 636 volo
631 611 708 636 esse
725 597 848 650 pridie
866 595 1080 642 Calendas3
1108 593 1245 633 deinde
1261 593 1334 632 cir-

214 661 303 686 cum
323 648 475 688 villulas
492 659 639 690 nostras
658 665 794 699 errare,
815 664 911 704 quas
929 651 1105 689 visurum
1120 662 1186 688 me
1201 655 1333 700 postea

214 702 421 754 desperavi.
453 712 577 752 Ευγενη
592 713 659 744 tua
671 706 840 755 consilia,
861 713 898 744 et
915 712 1044 743 tamen
1062 716 1133 756 pro
1151 702 1334 754 tempori-

214 756 287 794 bus
305 769 382 795 non
401 757 568 806 incauta,
587 759 685 798 mihi
704 760 814 799 valde
831 761 1053 812 probantur.
1079 756 1229 809 Lepido
1246 755 1334 808 qui-

215 809 305 848 dem
336 813 444 852 (nam
473 813 551 851 fere
579 814 914 863 συνδιημερευομενε
944 812 1050 865 quod
1072 810 1334 862 gratissimum

214 863 272 901 illi
291 863 363 914 est)
385 878 585 918 nunquam
596 867 741 918 placuit
755 880 802 906 ex
818 867 935 906 Italia
945 867 1063 915 exire,
1078 865 1197 904 Tullo
1209 863 1336 902 multo

214 918 372 957 minus:
411 922 541 959 crebro
577 921 680 959 enim
707 922 812 960 illius
839 922 960 960 literae
988 922 1036 959 ab
1069 919 1154 959 aliis
1185 917 1235 957 ad
1264 929 1335 955 nos

214 982 443 1012 commeant.
480 975 557 1014 Sed
577 988 641 1014 me
667 976 824 1014 illorum
843 975 1039 1013 sententiae
1055 974 1186 1012 minus
1203 983 1334 1010 move-

213 1026 332 1065 bant:
361 1028 491 1067 minus
510 1030 636 1068 multa
654 1029 904 1068 dederantilli
922 1029 1141 1081 reipublicae
1158 1026 1332 1078 pignora.

215 1079 306 1118 Tua
327 1082 580 1133 (mehercule)
600 1083 801 1123 auctoritas
827 1083 1071 1122 vehementer
1094 1088 1246 1120 movet:
1275 1077 1335 1117 af-

213 1133 290 1172 fert
307 1136 410 1174 enim
429 1144 467 1175 et
494 1138 632 1189 reliqui
656 1138 837 1190 temporis
858 1135 1107 1190 recuperandi
1130 1134 1333 1181 rationem,

214 1195 252 1226 et
265 1191 461 1239 praesentis
479 1192 624 1230 tuendi.

265 1243 358 1291 Sed,
379 1246 531 1283 obsecro
549 1253 601 1293 te,
621 1246 715 1297 quid
732 1245 805 1285 hoc
823 1245 1012 1296 miserius,
1032 1257 1151 1297 quam
1169 1243 1334 1281 alterum

211 1296 369 1347 plausus
387 1297 427 1336 in
453 1299 660 1337 foedissima
684 1299 797 1338 causa
820 1313 1002 1350 quaerere,
1029 1299 1192 1337 alterum
1214 1295 1334 1334 offen-

211 1349 335 1389 sionoe
353 1351 392 1388 in
413 1353 591 1403 optima?
621 1354 782 1391 alterum
807 1353 1017 1392 existimari
1034 1357 1333 1390 conservatorem

212 1403 472 1454 inimicorum,
487 1407 649 1444 alterum
661 1407 888 1445 desertorem
900 1408 1112 1445 amicorum
1122 1405 1140 1441 ¹?
1162 1404 1218 1443 Et
1233 1404 1334 1455 (me-

215 1457 405 1509 hercule),
419 1460 596 1511 quamvis
609 1474 783 1499 amemus
796 1460 959 1499 Cnaeum
970 1468 1158 1506 nostrum,
1175 1465 1263 1496 utet
1276 1457 1335 1495 fa-

213 1511 351 1560 cimus,
386 1520 423 1551 et
452 1513 660 1558 debemus;
691 1523 819 1553 tamen
841 1515 928 1563 hoc,
953 1514 1057 1567 quod
1086 1513 1226 1552 talibus
1242 1511 1335 1550 viris

215 1577 294 1603 non
323 1568 514 1615 subvenit,
545 1568 702 1607 laudare
725 1581 802 1607 non
826 1581 995 1620 possum.
1031 1568 1153 1612 Nam,
1182 1566 1261 1605 sive
1284 1565 1335 1603 ti-

216 1619 343 1666 muit3
374 1621 469 1673 quid
493 1622 697 1673 ignavius?
725 1623 818 1671 sive,
841 1630 887 1660 ut
905 1622 1063 1673 quidam
1081 1627 1234 1674 putant,
1252 1631 1337 1658 me-

215 1673 351 1712 liorem
389 1688 498 1713 suam
534 1688 690 1715 causam
725 1677 883 1715 illorum
914 1676 1016 1715 caede
1051 1675 1133 1714 fore
1158 1674 1334 1727 putavit3

215 1727 312 1778 quid
329 1728 509 1778 injustius
525 1731 544 1768 Ρ

271 1781 347 1820 Sed
373 1782 454 1822 haec
479 1784 728 1831 omittamus3
758 1797 945 1836 augemus
970 1782 1073 1822 enim
1092 1782 1263 1822 dolorem
1280 1794 1340 1821 re·

212 1837 424 1874 tractando.
455 1837 518 1876 VI
546 1836 631 1877 Cal.
650 1838 797 1890 vesperi
814 1839 963 1877 Balbus
980 1838 1107 1876 minor
1125 1836 1174 1875 ad
1192 1849 1257 1874 me
1271 1848 1340 1874 -ve-

215 1888 287 1936 nit,
309 1891 457 1929 occulta
471 1891 533 1929 via
552 1904 705 1931 currens
723 1892 772 1930 ad
784 1892 999 1931 Lentulum
1017 1891 1226 1939 consulem,
1245 1890 1340 1929 mis-

215 1955 261 1980 su
281 1942 455 1992 Caesaris,
475 1958 566 1984 cum
583 1946 716 1995 literis,
737 1958 826 1984 cum
844 1945 1050 1993 mandatis,
1069 1957 1158 1984 cum
1174 1943 1339 1996 promis-

215 1995 321 2035 sione
348 1999 566 2049 provinciae,
596 2000 765 2038 Romam
786 2007 832 2038 ut
852 1999 1005 2045 redaet3
1035 1999 1097 2038 cui
1117 1997 1337 2050 persuaderi

215 2062 325 2100 posse
344 2063 421 2090 non
441 2053 615 2101 arbitror,
635 2053 709 2092 nisi
728 2054 798 2092 erit
816 2060 1036 2092 conventus.
1065 2052 1176 2091 Idem
1195 2051 1334 2099 aiebat,

214 2103 314 2141 nihil
331 2106 448 2144 malle
468 2107 675 2155 Caesarem,
706 2121 825 2160 quam
847 2115 892 2146 ut
911 2106 1142 2159 Pompeium
1160 2117 1337 2156 asseque-

215 2165 320 2196 retur
335 2171 347 2203 ;
368 2159 409 2197 id
427 2161 562 2199 credo:
585 2168 623 2199 et
640 2162 779 2201 rediret
792 2161 833 2199 in
845 2161 1035 2213 gratiam3
1054 2159 1185 2199 idnon
1198 2157 1334 2205 credo;

210 2218 251 2249 et
281 2219 425 2261 metuo,
446 2226 495 2253 ne
526 2215 652 2255 omnis
681 2216 762 2255 haec
791 2215 992 2255 clementia
1014 2214 1064 2254 ad
1088 2225 1210 2253 unam
1226 2211 1336 2253 illam
