1513 2382
288 82 372 120 AD
400 81 692 123 ATTICUM.
724 83 823 122 Lm.
855 83 931 122 lv.
964 85 1003 120 2.
1139 82 1218 120 243

102 188 173 226 tibi
190 188 393 237 declaravi,
413 190 600 229 adventus
617 197 745 229 noster
764 190 889 243 qualis
911 190 1057 237 fuisset,
1078 198 1116 229 et
1133 190 1221 241 quis

103 249 198 281 esset
215 250 352 292 status,
372 251 488 296 atque
505 257 640 284 omnes
658 258 717 283 res
735 252 873 283 nostrae
891 244 1220 296 quemadmodum

103 304 240 343 essent,
260 304 306 335 ut
322 296 363 335 in
382 298 571 347 secundis,
591 298 722 345 fluxae,
743 306 787 336 ut
801 298 841 335 in
860 297 1038 341 adversis,
1058 299 1184 336 bonae.

157 350 251 389 Post
267 351 353 389 inas
371 351 478 390 datas
490 352 633 399 literas,
649 359 778 391 secuta
793 359 850 390 est
863 364 1018 390 summa
1032 351 1222 390 contentio

100 403 149 441 de
167 403 293 442 domo.
322 404 509 444 Diximus
526 406 631 457 apud
648 406 846 457 pontifices
864 405 987 457 pridie
1001 405 1084 444 Cal.
1102 405 1222 444 Octo-

100 458 198 495 bres.
226 458 330 497 Acta
355 472 414 497 res
434 467 490 498 est
506 468 679 498 accurate
703 474 726 498 a
743 460 879 498 nobis:
910 467 961 507 et,
983 460 1015 497 si
1044 471 1220 510 unquam

100 510 141 548 in
171 511 330 551 dicendo
358 512 505 553 fuimus
530 514 691 565 aliquid,
712 521 779 552 aut
797 514 928 561 etiam,
957 513 989 551 si
1018 525 1221 564 nunquam

100 565 194 603 alias
212 565 372 610 fuimus,
405 574 490 606 tum
519 568 688 619 profecto
706 568 814 607 dolor
833 575 870 606 et
893 566 1122 618 magnitudo
1142 567 1222 605 vim

99 619 311 669 quamdam
330 621 439 659 nobis
461 621 611 660 dicendi
629 622 746 660 dedit.
775 622 916 673 Itaque
941 620 1061 659 oratio
1082 622 1222 670 juven-

101 672 176 710 tuti
204 680 343 712 nostrae
375 675 506 713 deberi
531 688 609 714 non
631 683 782 727 potest,
813 688 932 727 quam
956 674 1042 724 tibi,
1073 674 1224 713 etiamsi

99 737 176 764 non
196 726 397 775 desideras,
418 736 548 767 tamen
566 730 719 768 mittam
739 730 823 768 cito.

154 780 258 819 Cum
275 782 472 833 pontifices
490 783 718 831 decressent,
738 784 806 831 ita,
837 785 866 806 “
879 783 922 822 Si
939 795 1064 834 neque
1086 781 1222 833 populi

97 834 223 883 jussu,
242 847 369 887 neque
387 836 510 887 plebis
529 837 641 885 scitu,
660 838 694 876 is
711 837 780 889 qui
798 850 839 876 se
856 837 1048 875 dedicasse
1067 836 1221 883 diceret,

100 888 330 927 nominatim
349 890 384 928 ei
401 890 455 928 rei
473 891 673 941 praefectus
686 897 797 940 esset,
810 903 936 942 neque
950 890 1085 942 populi
1093 891 1220 939 jussu,

98 948 167 979 aut
185 942 307 994 plebis
326 944 422 982 scitu
449 944 491 982 id
512 944 634 983 facere
652 946 783 995 jussus
803 953 928 990 esset;
959 944 1092 991 videri,
1112 955 1223 995 posse

97 995 178 1034 sine
202 996 384 1048 religione
413 1010 498 1036 eam
515 1006 665 1050 partem
695 1012 792 1037 areae
809 1000 867 1036 mi
891 997 1039 1036 restitui
1052 998 1095 1043 ;'‘
1123 996 1222 1035 mihi

98 1049 199 1088 facta
228 1051 356 1089 statim
387 1059 442 1090 est
469 1053 687 1103 gratulatio.
717 1053 848 1091 Nemo
870 1052 973 1090 enim
1002 1051 1218 1098 dubitabat,

97 1103 192 1154 quin
204 1104 341 1143 domus
352 1105 461 1144 nobis
474 1113 568 1144 esset
579 1106 807 1156 adjudicata.
837 1106 945 1143 Tum
958 1105 1084 1144 subito
1101 1105 1167 1142 me
1180 1104 1221 1142 in

94 1157 314 1196 concionem
327 1159 536 1208 adscendit,
551 1173 670 1211 quam
681 1160 842 1211 Appius
857 1160 891 1198 ei
903 1159 1019 1197 dedit.
1050 1158 1221 1197 Nuntiat

94 1211 177 1260 jam
196 1213 356 1263 populo,
387 1214 586 1264 pontifices
605 1215 817 1253 secundum
837 1227 876 1252 se
896 1212 1129 1258 decrevisse;
1158 1225 1223 1251 me

96 1272 227 1303 autem
258 1266 296 1304 vi
326 1267 454 1305 conari
477 1268 519 1306 in
544 1268 820 1319 possessionem
846 1267 986 1306 venire.
1016 1267 1222 1312 Hortatur,

96 1325 141 1356 ut
159 1332 198 1357 se
217 1326 254 1358 et
271 1320 452 1373 Appium
481 1329 705 1374 sequantur,
726 1329 764 1361 et
781 1333 893 1360 suam
920 1321 1158 1360 Libertatem
1176 1327 1222 1359 ut

97 1371 316 1412 defendant.

150 1426 232 1466 Hic
260 1441 351 1467 cum
383 1429 500 1468 etiam
523 1429 582 1467 illi
603 1428 728 1468 infimi
757 1430 899 1481 partim
923 1428 1220 1474 admirarentur,

97 1481 240 1530 partim
256 1481 470 1532 irriderent,
489 1483 657 1522 hominis
675 1484 910 1529 amentiam;
933 1496 1002 1534 ego
1014 1489 1222 1520 statueram

97 1533 190 1572 illuc
221 1547 299 1573 non
328 1537 516 1585 accedere,
543 1537 618 1576 nisi
647 1550 738 1576 cum
767 1538 954 1584 consules,
979 1549 1026 1574 ex
1052 1538 1221 1574 senatus-

98 1589 286 1635 consulto,
306 1590 499 1640 porticum
518 1591 650 1630 Catuli
666 1591 941 1630 restituendam
959 1589 1160 1628 locassent.

152 1641 236 1680 Cal.
256 1643 395 1682 Octob.
421 1643 584 1683 habetur
606 1653 760 1684 senatus
788 1645 982 1696 frequens.
1011 1642 1220 1681 Adhiben-

97 1702 162 1734 tur
179 1708 312 1735 omnes
338 1698 536 1749 pontifices
560 1700 628 1751 qui
653 1706 759 1737 erant
779 1707 996 1743 senatores3
1027 1709 1051 1734 a
1079 1696 1222 1748 quibus

98 1748 365 1799 Marcellinus,
386 1752 455 1803 qui
481 1760 561 1791 erat
583 1753 852 1804 cupidissimus
876 1752 968 1797 mei,
993 1750 1222 1789 sententiam

96 1803 246 1854 primus
263 1813 432 1855 rogatuS,
453 1807 641 1858 quaesivit,
663 1807 756 1858 quid
777 1813 900 1843 essent
926 1805 966 1842 in
986 1803 1224 1842 decernendo

97 1857 228 1895 secuti.
258 1858 368 1896 Tum
398 1860 460 1898 M.
481 1860 686 1907 Lucullus,
717 1860 765 1898 de
783 1860 958 1898 omnium
990 1858 1225 1908 collegarum

95 1911 296 1959 sententia,
304 1913 511 1964 respondit,
524 1914 716 1966 religionis
725 1913 872 1964 judices
878 1912 1076 1964 pontifices
1089 1912 1222 1960 fuisse,

95 1964 191 2015 legis
219 1973 421 2005 senatum:
452 1981 491 2006 se
520 1975 558 2006 et
583 1969 744 2019 collegas
763 1980 850 2006 suos
868 1967 916 2005 de
937 1966 1120 2017 religione
1145 1972 1224 2004 sta·

94 2018 226 2066 tuisse,
246 2019 287 2057 in
306 2028 439 2059 senatu
454 2021 502 2060 de
515 2022 600 2073 lege
614 2029 834 2060 statuturos.
864 2020 1043 2071 Quisque
1060 2019 1219 2066 horum,

97 2071 180 2110 loco
211 2074 438 2113 sententiam
467 2083 636 2126 rogatus,
666 2076 791 2114 multa
818 2074 1029 2114 secundum
1063 2085 1218 2112 causam
1276 2120 1278 2122 ‚

95 2132 265 2165 nostram
283 2127 505 2178 disputavit.

149 2179 251 2219 Cum
271 2181 319 2219 ad
339 2181 522 2221 Clodium
542 2190 700 2221 ventum
727 2189 798 2231 est,
820 2183 942 2234 cupiit
961 2181 1063 2221 diem
1085 2192 1225 2220 consu·
