1513 2382
250 94 304 133 38
416 90 500 130 AD
527 88 822 130 DIVERSOS.
851 88 951 128 LIB.
973 86 1100 128 XIII.
1130 88 1198 127 41.

253 198 369 252 (40.)
399 197 461 238 Μ.
477 197 528 237 Τ.
541 198 586 237 c.
615 195 1011 290 Q.ASNI‹)3111)AR10‚
1042 194 1099 243 Q.
1117 194 1165 234 F.
1193 192 1359 234 PRoc,

302 361 625 411 (Argumentum.
634 380 689 388 —
699 358 880 397 Aurelios
891 357 1024 396 fratres
1038 357 1254 409 proconsuli
1266 356 1358 396 Ma-

249 414 413 453 cedoniae
430 411 700 462 commendat.)

300 520 468 558 Lucium
498 527 535 559 et
560 519 699 559 Caium
728 518 922 565 Aurelios,
949 518 998 556 L.
1017 517 1128 566 filios,
1162 517 1303 569 quibus
1322 524 1360 557 et

247 574 354 625 ipsis,
383 582 419 612 et
450 581 556 624 patre
586 586 731 620 eorum,
762 573 842 610 viro
874 572 1032 622 optimo,
1065 571 1359 611 familiarissime

246 635 348 673 utor,
364 627 587 664 commendo
607 626 676 664 tibi
694 627 877 674 majorem
895 626 936 662 in
954 625 1128 672 modum,
1144 625 1358 664 adolescen-

245 687 301 718 tes
328 681 506 718 omnibus
524 679 676 730 optimis
695 679 838 717 artibus
857 685 1019 723 ornatos,
1040 691 1144 716 meos
1162 690 1358 729 perneces-

247 733 375 780 sarios,
400 732 466 770 tua
492 733 659 770 amicitia
683 732 933 783 dignissimos.
974 731 1115 769 Sinna
1140 743 1226 769 mea
1252 731 1357 783 apud

247 794 286 824 te
315 786 594 824 commendatio
612 785 731 823 valuit
753 784 874 837 (quod
893 784 969 822 scio
986 785 1128 822 multas
1145 784 1359 835 plurimum

251 838 449 886 valuisse),
473 839 554 877 haec
579 846 623 876 ut
640 839 776 885 valeat,
792 851 896 889 rogo.
927 836 1044 883 Quod
1063 837 1095 875 si
1120 851 1182 876 eos
1205 838 1359 876 honori-

247 892 317 930 fice
335 893 614 943 liberaliterque
631 892 821 937 tractari&
852 899 889 929 et
913 891 983 928 tibi
1011 891 1242 941 gratissimos
1259 892 1359 942 opti-

246 958 405 997 mosque
423 945 672 984 adolescentes
687 945 920 995 adjunxeris,
937 944 1081 982 etmihi
1098 944 1357 996 gratissimum

245 999 386 1038 feceris.
416 998 526 1037 Vale.

329 1156 442 1207 (41.)
471 1157 532 1196 Μ.
549 1157 600 1195 T.
617 1157 661 1196 C.
693 1157 741 1195 L.
763 1156 1070 1196 CULLEOLO
1098 1157 1138 1197 S.
1154 1158 1200 1197 P.
1216 1158 1272 1197 D.

301 1265 356 1307 (A
364 1269 689 1314 rgumentum.—
702 1264 852 1303 Gratias
871 1265 963 1316 agit,
983 1273 1021 1304 et
1038 1279 1106 1304 suo
1125 1273 1162 1305 et
1181 1267 1358 1320 Pompeii

247 1318 416 1364 nomine,
453 1331 522 1369 pro
547 1318 711 1357 Culleoli
743 1331 831 1368 erga
861 1319 1070 1357 Lucceium
1097 1320 1331 1372 benignitate
1343 1337 1355 1361 :

247 1371 501 1423 eumdemque
515 1372 640 1411 denuo
657 1371 929 1420 commendat.)

300 1476 402 1525 Quae
419 1476 540 1516 fecisti
562 1477 611 1515 L.
631 1477 787 1516 Lucceii
811 1478 939 1527 causa,
959 1479 1052 1518 scire
1070 1487 1106 1519 te
1122 1481 1236 1532 plane
1253 1484 1354 1534 volo,

246 1539 284 1570 te
300 1530 448 1569 homini
465 1530 678 1581 gratissimo
697 1532 978 1571 commodasse:
1007 1541 1044 1571 et
1061 1547 1151 1572 cum
1164 1535 1251 1587 ipsi,
1268 1550 1357 1588 quae

246 1584 380 1630 fecisti,
401 1591 576 1635 pergrata
594 1592 695 1632 sunt,
710 1591 794 1622 tum
808 1585 1028 1637 Pompeius,
1045 1588 1357 1642 quotiescumque

246 1651 310 1676 me
329 1637 444 1685 videt,
467 1636 588 1688 (videt
605 1646 733 1675 autem
753 1645 869 1690 saepe)
888 1640 1027 1690 gratias
1045 1641 1116 1679 tibi
1129 1642 1209 1692 agit
1226 1643 1358 1695 singu..

245 1692 356 1729 laroe.
396 1690 514 1728 Addo
533 1690 647 1728 etiam
666 1691 777 1739 illud,
808 1692 912 1743 quod
934 1692 1005 1731 tibi
1032 1694 1355 1743 jucundissimum

246 1758 324 1783 esse
338 1752 438 1782 certo
457 1743 546 1791 scio,
566 1756 629 1782 me
646 1744 788 1796 ipsum,
809 1758 857 1784 ex
870 1746 939 1784 tu&⁴
957 1759 1047 1798 erga
1063 1748 1274 1788 Lucceium
1290 1751 1358 1790 be-

244 1798 443 1849 nignitate,
463 1797 635 1836 maxima
653 1799 848 1849 voluptate
862 1799 971 1837 affici.

298 1850 416 1898 Quod
434 1857 618 1901 superest,
639 1863 875 1902 quamquam
893 1853 990 1891 mihi
1008 1865 1085 1891 non
1103 1861 1159 1892 est
1176 1854 1354 1907 dubium,

244 1906 354 1958 quin,
373 1915 462 1941 cum
481 1911 592 1941 antea
607 1905 737 1942 nostra
754 1905 881 1952 causa,
910 1918 1013 1944 nunc
1033 1907 1116 1955 jam
1138 1908 1252 1947 etiam
1280 1918 1358 1950 tuae

245 1957 463 1998 constantiae
476 1956 612 2007 gratia,
631 1969 833 2002 mansurus
851 1959 902 1997 sis
919 1959 960 1997 in
979 1960 1111 1998 eadem
1129 1961 1203 2000 ista
1219 1962 1357 2003 libera-

244 2013 376 2056 litate3
405 2016 534 2047 tamen
553 2011 620 2048 abs
645 2018 682 2048 te
700 2011 940 2050 vehementer
959 2013 1072 2051 etiam
1097 2021 1213 2066 atque
1239 2016 1356 2057 etiam

243 2073 347 2118 peto,
376 2070 421 2100 ut
445 2075 502 2110 ea,
533 2076 620 2114 quae
651 2063 758 2102 initio
787 2065 995 2115 ostendisti,
1026 2067 1275 2120 deincepsque
1299 2070 1356 2109 fe.

245 2119 341 2165 cisti,
361 2115 568 2154 adexitum
586 2117 716 2167 augeri
734 2124 772 2155 et
789 2119 976 2157 cumulari
990 2133 1057 2171 per
1074 2127 1111 2159 te
1125 2122 1229 2160 velis.
1257 2123 1307 2162 Id
1318 2131 1356 2163 et

246 2169 410 2212 Lucceio
425 2176 461 2208 et
474 2169 657 2220 Pompeio
668 2170 776 2209 valde
786 2178 940 2223 gratum
954 2172 1048 2222 fore,
1057 2181 1169 2226 oeque
1179 2175 1283 2228 apud
1293 2189 1356 2218 eos
