1513 2382
257 122 332 159 156
476 120 559 159 AD
587 120 870 159 ATTICUM.
902 121 1001 159 Lm.
1024 121 1057 159 Ι.
1091 120 1150 158 16.

253 228 383 276 facias,
413 227 508 280 quid
535 228 582 267 de
608 228 702 267 meis
727 228 916 267 mandatis
941 227 1074 279 egeriS,
1095 234 1210 278 atque
1237 226 1366 272 etiam,

253 282 348 333 quid
367 282 414 321 de
426 290 493 320 tuo
504 283 681 333 negoti03
702 295 807 329 narn,
824 290 868 320 ut
882 282 1090 320 Brundisio
1107 280 1298 332 profectus
1312 293 1365 329 eS,

253 336 371 375 nullae
391 336 488 374 mihi
513 338 581 375 abs
607 344 644 374 te
669 344 759 375 sunt
777 337 933 374 redditae
960 335 1091 374 literae.
1124 334 1250 374 Valde
1274 346 1368 373 aveo

253 390 346 428 seire
363 390 459 443 quid
475 404 577 442 agas.
606 390 707 430 Idib.
729 390 850 428 Mart.

465 553 586 607 (16.)
621 553 830 593 CICERO
857 552 1079 592 ATTICO
1107 554 1148 592 S.

306 661 458 710 Quaeris
491 678 539 703 ex
556 677 644 726 me,
678 663 773 716 quid
801 662 977 702 acciderit
1001 662 1048 700 de
1073 662 1232 712 judicio,
1262 660 1365 714 quod

249 724 331 754 tam
349 726 485 768 praeter
504 719 721 769 opinionem
740 718 915 755 omnium
927 716 1074 754 factum
1093 717 1165 754 sit:
1196 723 1234 754 et
1251 716 1367 755 simul

250 770 307 808 vis
326 772 431 819 seire,
453 785 529 823 quo
547 772 662 810 modo
681 784 750 823 ego
765 771 906 818 minus,
927 783 1046 822 quam
1064 770 1220 818 soleam,
1239 770 1367 822 proeli-

249 831 335 862 atus
354 825 438 863 sim.
469 826 723 877 Respondebo
741 825 812 863 tibi
838 826 968 875 ὑστερῡ
956 838 986 861 ν
1005 838 1191 874 προτερον,
1211 825 1367 871 Qun-pn-

250 892 335 920 κως.
366 879 454 930 Ego
476 880 593 928 enim,
621 893 740 941 quam
768 879 835 917 diu
863 880 1014 916 senatus
1040 878 1242 916 auctoritas
1268 877 1368 915 mihi

247 930 484 971 defendenda
510 934 598 981 fuit,
619 934 671 972 sic
696 934 829 972 acriter
853 940 890 970 et
907 931 1149 970 vehementer
1174 931 1368 983 proeliatus

249 997 350 1033 sum,
386 994 431 1025 ut
466 988 609 1026 clamor
641 999 921 1038 concursusque
956 985 1130 1023 maxima
1158 998 1248 1024 cum
1277 985 1365 1023 mea

248 1037 362 1078 laude
386 1040 530 1080 fierent.
559 1041 678 1089 Quod
700 1042 732 1079 si
750 1041 818 1079 tibi
843 1051 1016 1092 unquam
1039 1051 1126 1076 sum
1146 1039 1248 1077 visus
1266 1038 1307 1076 in
1325 1051 1366 1077 re

248 1094 403 1143 publica
421 1095 541 1156 fortis,
562 1103 660 1134 certe
678 1108 741 1134 me
758 1096 797 1133 in
813 1094 881 1132 illa
896 1107 1009 1132 causa
1027 1092 1238 1131 admiratus
1256 1105 1369 1131 esses.

251 1146 355 1185 Cum
385 1149 488 1187 enim
517 1150 583 1187 ille
615 1149 663 1187 ad
693 1150 889 1188 conciones
916 1146 1192 1196 confugisset,
1181 1159 1221 1184 111
1243 1146 1367 1197 iisque

250 1212 336 1238 meo
355 1203 509 1241 nomine
527 1203 576 1241 ad
593 1203 777 1241 invidiam
805 1208 987 1247 uteretur,
1011 1200 1081 1238 Dii
1104 1200 1362 1238 'immortales'

249 1267 345 1304 quas
364 1269 433 1307 ego
450 1269 601 1308 pugnas
620 1265 657 1295 et
676 1264 838 1308 quantas
858 1265 999 1305 strages
1018 1253 1147 1292 edidi!
1178 1267 1274 1305 quos
1291 1254 1366 1291 im-

235 1315 360 1357 *petus
377 1309 418 1347 in
438 1311 662 1359 Pisonem,
651 1323 692 1348 m
712 1311 933 1357 Curionem,
958 1309 999 1346 in
1017 1316 1137 1346 totam
1156 1308 1264 1345 illam
1283 1320 1366 1345 ma-

248 1373 344 1399 num
370 1363 466 1401 feci!
498 1377 575 1416 quo
603 1364 718 1402 modo
742 1377 828 1403 sum
857 1363 1061 1401 insectatus
1089 1362 1283 1400 levitatem
1309 1375 1367 1400 se-

248 1427 359 1464 num,
390 1417 590 1456 libidinem
616 1418 858 1467 juventutis!
896 1429 995 1468 saepe
1023 1416 1095 1467 (ita
1125 1428 1189 1453 me
1213 1415 1317 1453 Ι)11
1302 1429 1367 1465 Ju-

248 1479 337 1507 'vent
352 1469 384 1520 !)
415 1479 452 1509 te
470 1484 547 1510 non
567 1472 692 1509 solum
711 1480 902 1510 auctorem
917 1470 1160 1509 consiliorum
1174 1482 1368 1516 meorum,

248 1535 383 1562 verum
415 1525 529 1563 etiam
563 1533 810 1577 spectatorem
845 1537 1065 1577 pugnarum
1101 1522 1365 1570 mirificarum,

249 1576 470 1616 desideravi.

305 1631 443 1670 Postea
461 1646 549 1671 vero
571 1646 689 1685 quam
718 1633 947 1672 Hortensius
975 1631 1215 1683 excogitavit,
1239 1639 1284 1669 ut
1309 1631 1366 1670 le-

248 1698 336 1735 gem
363 1686 410 1724 de
438 1687 618 1737 religione
637 1688 773 1725 Fufius
800 1688 977 1726 tribunus
1004 1686 1126 1737 plebis
1155 1686 1296 1731 ferret;
1325 1686 1365 1722 in

249 1752 326 1789 qua
345 1740 441 1777 nihil
466 1740 572 1778 aliud
597 1755 620 1779 3
639 1742 828 1779 consulari
845 1741 1039 1792 rogatione
1061 1740 1272 1786 differebat,
1291 1739 1366 1776 nisi

244 1793 421 1841 judicum
440 1806 561 1855 genus
586 1795 643 1837 (in
663 1808 706 1833 eo
729 1804 856 1833 autem
884 1802 990 1833 erant
1011 1791 1186 1842 omnia);
1215 1805 1367 1844 pugna-

249 1846 395 1897 vitque,
411 1856 455 1886 ut
472 1848 526 1886 ita
537 1848 667 1894 fieret;
698 1849 802 1901 quod
816 1856 854 1887 et
872 1848 943 1887 sibi
955 1856 991 1886 et
1009 1848 1092 1886 aliis
1115 1854 1363 1899 persuaserat,

247 1901 365 1938 nullis
382 1902 496 1939 illum
518 1902 712 1952 judicibus
730 1903 895 1954 effugere
912 1915 1045 1954 posse3
1076 1901 1247 1939 contraxi
1264 1901 1363 1947 vela,

247 1955 475 2005 perspiciens
492 1956 664 2017 inopiam
678 1956 879 2006 judicum,
869 1971 878 1980 ·
908 1969 1033 2007 neque
1051 1955 1132 1993 dixi
1150 1954 1363 2006 quidquam

247 2019 317 2056 pro
342 2009 572 2055 testimonio,
593 2010 667 2048 nisi
692 2011 796 2061 quod
814 2018 894 2048 erat
918 2010 971 2048 ita
996 2017 1132 2048 notum
1156 2017 1271 2059 atque
1290 2016 1363 2046 tos

246 2067 386 2108 tatum,
407 2071 452 2101 ut
470 2076 544 2101 non
564 2077 715 2116 possem
733 2065 934 2116 praeterire.

302 2114 452 2166 Itaque,
483 2118 515 2155 si
542 2130 694 2156 causam
728 2118 865 2170 quaeris
897 2116 1158 2163 absolutionis,
1192 2118 1255 2168 (ut
1281 2117 1364 2165 jam

246 2182 335 2216 προς
361 2184 402 2206 το
427 2186 595 2222 προτερον
622 2180 803 2219 revertar)
836 2179 980 2223 egestas
1005 2171 1181 2231 judicum
1209 2170 1298 2217 fuit,
1327 2179 1363 2207 et

244 2223 453 2274 turpitudo.
496 2225 543 2264 Id
576 2233 705 2264 autem
738 2234 781 2264 ut
808 2225 1004 2271 accideret,
1034 2224 1279 2263 commissum
1309 2233 1364 2262 est
