1513 2382
285 90 369 130 AD
396 89 691 132 DIVERSOS.
720 89 820 130 1113.
840 89 959 130 XIV.
988 91 1052 130 16.
1171 93 1224 139 77

108 194 274 247 praediis,
294 209 372 237 esse
388 197 569 250 poteritis.
597 197 730 237 Etiam
748 196 845 236 illud
858 196 1067 238 verendum
1086 205 1155 248 eet,
1170 210 1219 239 ne

107 250 213 288 brevi
231 256 400 303 tempore
417 252 537 291 fames
555 251 596 289 in
614 253 722 291 Urbe
739 251 800 290 sit.

161 303 238 342 His
265 304 313 344 de
335 307 461 353 rebus,
488 305 617 353 velim,
647 318 736 344 cum
766 304 994 357 Pomponio,
1027 318 1116 344 cum
1143 306 1218 346 Ca-

106 357 229 405 millo,
249 371 338 397 cum
356 360 496 411 quibus
515 359 620 398 vobis
638 358 840 407 videbitur,
861 358 1111 398 consideretis.
1149 361 1219 399 Ad

107 423 313 460 summam,
333 413 461 451 animo
479 413 567 451 forti
585 413 677 451 sitis.
705 412 900 450 Labienus
919 425 1000 450 rem
1020 413 1218 452 meliorem

106 463 205 503 fecit.
234 465 410 515 Adjuvat
427 467 541 505 etiam
562 466 665 514 Piso,
686 466 788 517 quod
807 468 854 504 ab
874 466 980 504 Urbe
998 465 1168 516 discedit,
1181 474 1220 505 et

106 518 254 557 sceleris
272 519 499 558 condemnat
516 531 699 570 generum
717 532 844 557 suum.
873 519 969 566 Vos,
989 532 1084 557 meae
1103 520 1218 559 caris-

106 571 212 610 simae
229 572 380 621 animae,
401 586 519 624 quam
544 573 747 624 saepissime
765 573 814 610 ad
832 585 894 610 me
913 572 1075 621 scribite,
1097 580 1134 611 et
1153 586 1219 612 vos

107 624 201 676 quid
219 626 352 676 agatis,
383 634 419 664 et
448 626 542 678 quid
565 626 650 664 istic
674 633 820 676 agatur.
850 625 1020 673 Quintus
1038 633 1159 677 pater,
1180 633 1218 665 et

106 678 221 727 filius,
238 687 274 717 et
293 679 436 727 Rufus,
449 680 555 718 vobis
574 680 736 717 salutem
754 679 898 718 dicunt.
926 679 1075 718 Valete.
1104 680 1217 719 VIII

107 732 264 772 Calend.
284 733 487 781 Quintiles.
516 733 742 772 Minturnis.

146 894 162 944 (
180 890 260 943 15.)
291 891 352 931 M.
366 891 414 930 Τ.
431 891 478 932 C.
503 890 818 930 TERENTIAE
847 891 974 931 SUAE
1004 893 1042 932 S.
1059 892 1105 932 P.
1121 893 1179 933 D.

160 995 482 1047 (Argumentum.
499 1017 549 1024 —
562 995 776 1034 Consilium
795 996 842 1034 de
860 996 939 1034 filio
957 996 1007 1035 ad
1026 996 1215 1037 caesarem

104 1048 291 1088 mittendo
307 1056 501 1087 mutatum
520 1047 736 1100 significat.)

157 1154 200 1195 Si
218 1156 332 1204 vales,
351 1157 447 1194 bene
462 1162 531 1194 est.
555 1156 882 1195 Constitueramus
902 1157 965 1208 (ut
983 1155 1032 1194 ad
1050 1163 1087 1194 te
1105 1163 1216 1197 antea

104 1209 343 1261 scripseram)
362 1210 514 1248 obviam
541 1209 762 1248 Ciceronem
782 1210 921 1248 Caesari
944 1210 1120 1256 mittere3
1151 1211 1217 1249 sed

103 1263 337 1302 mutavimus
365 1263 579 1311 consilium,
611 1263 702 1314 quia
727 1264 774 1302 de
802 1264 906 1302 illius
931 1264 1096 1302 adventu
1119 1264 1217 1302 nihil

103 1316 364 1355 audiebamus.
404 1316 470 1355 De
488 1316 629 1355 caeteris
653 1318 780 1364 rebus,
812 1317 880 1355 etsi
898 1317 996 1355 nihil
1015 1324 1094 1355 erat
1111 1318 1216 1367 novi,

102 1376 245 1418 tamen,
272 1370 366 1422 quid
384 1371 558 1418 velimus,
585 1377 622 1408 et
649 1371 743 1422 quid
760 1371 832 1409 hoc
850 1377 1018 1422 tempore
1035 1377 1216 1422 putemus

103 1436 198 1475 opus
217 1436 310 1473 aese,
330 1437 377 1462 ex
395 1424 503 1464 Sicca
520 1424 658 1475 poteris
685 1436 917 1475 cognoscere·
955 1425 1130 1463 Tulliam
1148 1425 1217 1463 ad-

102 1476 178 1516 huc
192 1490 343 1516 mecum
357 1485 479 1517 teneo.
496 1478 767 1517 Valetudinem
779 1486 887 1517 tuam
898 1491 989 1518 cura
1002 1478 1215 1530 diligenter.

103 1531 215 1571 Vale.
241 1531 331 1570 XII
350 1531 537 1571 Calendas
556 1531 761 1580 Quintiles.

157 1688 174 1740 (
191 1688 275 1737 16.)
302 1687 364 1728 M.
376 1689 425 1728 Τ.
442 1689 488 1731 C.
508 1689 824 1730 TERENTIAE
843 1689 969 1730 SUAE
990 1689 1031 1729 S.
1044 1688 1088 1728 P.
1103 1689 1159 1728 D.

156 1798 544 1849 (Argumentum.-
560 1801 626 1841 De
654 1800 798 1840 literis:
827 1799 875 1838 de
900 1797 1139 1838 Volumnia:
1168 1797 1217 1838 de

102 1862 172 1890 suo
189 1852 348 1903 dolore.)

157 1959 199 1999 Si
217 1962 333 2011 vales,
352 1964 450 2002 bene
474 1969 553 2002 aet:
584 1957 703 2002 vale‘o.
732 1961 820 2001 Etsi
838 1959 1025 2010 ejusmodi
1046 1967 1218 2012 tempora

103 2023 232 2056 nostra
250 2024 354 2066 sunt,
373 2024 418 2055 ut
435 2017 532 2055 nihil
542 2018 719 2066 habeam,
733 2015 837 2068 quod
852 2022 919 2053 aut
936 2028 960 2052 a
973 2022 1010 2053 te
1020 2014 1218 2053 literarum

105 2076 334 2123 exspectem,
365 2077 433 2108 aut
456 2071 537 2122 ipse
564 2070 613 2109 ad
643 2078 678 2109 te
707 2069 894 2114 scribam3
924 2078 1068 2116 tamen,
1094 2067 1219 2111 nescio

105 2122 312 2177 quomode,
332 2131 370 2163 et
386 2124 467 2176 ipse
481 2130 622 2163 vestras
637 2124 764 2163 literas
784 2128 973 2174 exspecto,
986 2129 1023 2160 et
1041 2120 1162 2160 scribo
1173 2119 1222 2159 ad

106 2191 188 2228 vos,
214 2188 303 2219 cum
328 2177 465 2226 habeo,
496 2178 565 2230 qui
592 2177 700 2218 ferat.
729 2175 1093 2269 Volumnia3debuit
1120 2175 1161 2213 in
1185 2180 1222 2213 te

869 2241 901 2270 n

159 2335 186 2350 x
