1513 2382
260 100 336 139 102
438 97 523 138 AD
552 97 849 138 DIVERSOS.
878 98 974 138 Lm.
998 98 1092 139 XV.
1125 101 1188 139 13.

309 206 488 246 Maxime
515 206 612 245 mihi
642 206 717 245 fuit
744 214 933 258 optatum,
960 207 1098 245 Romae
1122 219 1202 246 esse
1223 214 1365 257 tecum,

255 263 398 300 multas
415 263 464 300 ob
483 274 628 307 5311535,
655 260 721 299 5511
739 260 939 311 praeeipue,
960 266 1018 308 ut,
1039 268 1076 298 et
1093 260 1134 298 in
1152 262 1315 312 petendo
1333 270 1372 302 et

255 315 295 353 in
326 315 488 367 gerendo
518 315 730 361 consulatu,
756 327 887 352 meum
912 313 983 352 tibi
1005 314 1177 352 debitum
1196 312 1381 354 511111111111

255 369 464 421 perspicere
491 381 629 420 posses.
671 369 734 406 Ac
765 368 954 419 petitionis
983 367 1139 418 quidem
1166 376 1242 407 tuae
1273 370 1370 408 ratio

255 423 353 460 1111111
371 436 519 474 semper
537 422 611 460 fuit
629 422 846 473 explorata:
878 421 942 459 sed
967 428 1096 459 tamen
1121 433 1259 460 navare
1277 435 1368 474 ope-

255 489 340 514 ram
361 477 547 515 volebam.
584 476 633 514 In
656 475 853 513 consulatu
878 487 966 513 vero
993 475 1104 526 cupio
1127 476 1303 526 equidem
1331 484 1370 515 te

255 530 385 568 minus
403 531 541 569 habere
559 529 722 580 negotii:
754 528 819 566 sed
842 529 999 567 moleste
1023 529 1116 575 fero,
1145 541 1207 567 me
1235 542 1371 568 consu-

255 584 334 622 lem
352 584 523 622 studium
542 590 654 621 tuum
679 582 922 620 adolescentis
945 582 1202 633 perspexisse3
1233 589 1270 621 te
1288 597 1371 622 me-

255 650 339 685 um,
365 651 452 676 cum
474 638 514 675 id
537 637 656 674 aetatis
681 636 767 683 sim,
797 635 1005 686 perspicere
1034 647 1111 673 non
1138 648 1258 686 posse.
1292 637 1368 676 Sed

254 691 322 739 ita,
349 691 427 730 fato
449 691 573 729 nescio
602 703 692 741 quo,
722 689 920 739 contigisse
951 688 1124 737 arbitror,
1151 698 1196 727 ut
1219 690 1290 728 tibi
1319 691 1369 729 ad

255 757 318 783 me
340 745 554 783 ornandum
581 756 729 794 semper
755 742 866 780 detur
894 742 1077 787 facultas;
1111 743 1209 780 mihi
1233 743 1283 781 ad
1308 757 1368 783 re-

255 799 537 836 munerandum
557 798 653 835 nihil
672 804 861 848 suppetat,
881 803 1017 847 praeter
1034 796 1283 835 voluntatem.

311 852 470 891 Omasti
489 852 744 897 consulatum,
772 850 916 887 ornasti
934 849 1099 887 reditum
1119 862 1263 888 meum.
1302 850 1372 890 In-

256 905 347 944 cidit
365 919 496 944 meum
514 913 666 957 tempus
680 916 806 943 rerum
821 903 1072 955 gerendarum
1083 904 1124 940 in
1138 904 1266 955 ipsum
1283 918 1373 944 con-

258 960 428 998 sulatum
457 968 582 997 tuum.
613 959 750 1009 Itaque
779 970 868 996 cum
898 967 935 995 et
963 964 1030 995 tua
1057 970 1209 996 summa
1232 959 1372 1010 ampli-

257 1013 352 1052 tudo
380 1021 417 1052 et
443 1013 621 1075 dignitas,
646 1020 683 1050 et
709 1025 818 1049 meus
835 1024 1001 1062 magnus
1019 1012 1138 1049 honos
1155 1024 1374 1064 magnaque

259 1068 501 1112 existimatio,
521 1066 711 1118 postulare
731 1065 916 1113 videatur,
936 1072 980 1102 ut
1000 1078 1022 1102 a
1040 1072 1076 1102 te
1094 1065 1270 1116 plurimis
1289 1079 1372 1104 ver-

257 1122 316 1160 bis
346 1121 571 1159 contendam
599 1134 642 1158 ac
667 1127 809 1170 petam,
836 1126 880 1156 ut
905 1131 1022 1179 quam
1043 1118 1374 1158 honorificentissi-

258 1188 369 1213 mum
388 1174 773 1213 senatus-consultum
792 1172 839 1211 de
857 1173 952 1210 meis
969 1174 1082 1210 rebus
1099 1172 1214 1223 gestis
1231 1173 1372 1212 facien-

258 1229 354 1267 dum
373 1242 479 1268 cures
494 1242 506 1274 3
537 1241 614 1266 non
633 1227 753 1265 audeo
773 1227 1013 1265 vehementer
1038 1240 1061 1264 a
1078 1234 1115 1264 te
1134 1227 1372 1276 contendere,

259 1295 308 1320 ne
337 1290 404 1321 aut
432 1283 512 1333 ipse
544 1289 620 1319 tuae
655 1287 848 1332 perpetuae
883 1280 1162 1318 consuetudinis
1192 1293 1281 1332 erga
1308 1293 1372 1320 me

260 1337 401 1375 oblitus
416 1349 494 1374 esse
506 1335 647 1383 videar,
663 1343 730 1372 aut
739 1342 775 1371 te
787 1334 949 1372 oblitum
960 1342 1106 1384 putem.
1120 1333 1265 1381 Quare,
1278 1342 1323 1372 ut
1337 1342 1375 1374 te

259 1391 356 1428 velle
375 1390 547 1434 arbitror,
567 1389 621 1427 ita
638 1388 801 1432 faciam3
831 1396 945 1438 atque
959 1388 1008 1425 ab
1028 1400 1085 1435 eo,
1105 1400 1221 1438 quem
1240 1401 1374 1427 omnes

259 1453 390 1495 gentes
416 1444 539 1482 sciunt
566 1443 612 1481 de
638 1455 700 1481 me
725 1442 867 1492 optime
891 1441 1086 1490 meritum,
1116 1441 1277 1480 breviter
1303 1455 1372 1494 pe-

264 1506 356 1536 tam.

314 1553 356 1592 Si
375 1552 439 1591 alii
465 1553 635 1592 consules
657 1557 791 1598 essent,
822 1550 871 1588 ad
892 1557 930 1588 te
951 1549 1207 1601 potissimum,
1235 1550 1372 1598 Paule,

259 1607 464 1653 mitterem,
485 1614 529 1645 ut
556 1619 617 1644 eos
642 1605 738 1643 mihi
766 1618 884 1656 quam
913 1604 1161 1642 amicissimos
1187 1603 1373 1642 redderes.

261 1661 393 1707 Nunc,
414 1673 503 1699 cum
522 1668 590 1698 tua
608 1672 759 1698 summa
777 1665 954 1709 potestas,
968 1671 1195 1709 summaque
1213 1657 1376 1696 auctori-

260 1722 331 1762 tas,
357 1722 523 1766 notaque
549 1714 727 1752 omnibus
757 1720 885 1750 nostra
910 1711 1144 1750 necessitudo
1171 1711 1233 1758 sit,
1261 1711 1375 1749 vehe-

260 1776 407 1806 menter
425 1778 462 1806 te
479 1781 586 1819 rogo,
605 1775 649 1805 ut
673 1775 710 1805 et
735 1779 851 1818 quam
876 1765 1250 1804 honorificentissime
1267 1777 1375 1803 cures

261 1822 540 1860 decernendum
568 1821 616 1860 de
641 1821 736 1860 meis
760 1822 872 1859 rebus
898 1819 1027 1871 gaetiS,
1053 1826 1091 1857 et
1115 1831 1233 1871 quam
1261 1818 1376 1857 celer-

266 1876 374 1914 rime.

318 1929 470 1980 Dignas
491 1943 549 1968 res
567 1942 645 1968 esse
661 1929 804 1967 honore
825 1936 862 1967 et
883 1926 1149 1979 gratulatione,
1175 1938 1375 1978 cognosces

265 1996 313 2022 ex
330 1983 376 2020 iis
394 1983 525 2030 literis,
545 1997 640 2044 quas
659 1983 707 2020 ad
726 1991 763 2021 15
781 1990 819 2021 51
839 1982 1023 2032 collegam
1045 1987 1082 2018 et
1106 1987 1279 2018 senatum
1300 1993 1376 2031 pu-

263 2037 361 2075 blice
378 2037 485 2075 misi:
516 2037 767 2098 omniumque
787 2048 962 2074 mearum
979 2034 1212 2085 reliquarum
1231 2046 1376 2082 rerum,

265 2090 509 2142 maximeque
528 2090 816 2129 existimationis
840 2102 950 2136 meae,
969 2087 1272 2140 procurationem
1295 2099 1379 2125 5115-

267 2151 415 2195 ceptam
445 2145 559 2182 velim
586 2144 738 2182 habeas.
776 2144 825 2181 In
852 2142 1061 2194 primisque
1089 2141 1160 2179 tibi
1185 2154 1286 2180 curae
1313 2141 1377 2189 sit,

267 2197 371 2249 quod
403 2198 470 2236 abs
499 2205 536 2237 te
565 2198 821 2249 superioribus
849 2209 1002 2249 quoque
1030 2195 1148 2234 literis
1169 2194 1301 2246 petivi,
1330 2207 1380 2233 ne
