1513 2382
381 98 464 137 AD
492 97 777 136 ATTICUM.
809 98 907 136 Lm.
930 99 1005 137 VI.
1031 100 1062 136 l.
1183 100 1258 136 301

155 206 312 246 offendit
328 205 534 244 hominem.
563 203 672 252 Quid
697 204 799 242 enim
822 211 945 255 petest
964 218 1042 244 esse
1061 213 1140 244 tam
1159 205 1269 245 dissi-

156 261 261 308 mile,
281 271 412 311 quam,
432 258 499 296 illo
526 258 750 308 imperante,
778 257 1002 296 exhaustam
1031 272 1109 298 esse
1133 260 1269 298 sumti-

156 316 229 353 bus
246 321 282 352 et
297 312 452 362 jacturis
470 311 729 363 provinciam3
759 311 869 349 nobis
891 324 975 349 eam
994 313 1267 361 obtinentibus,

156 379 362 406 nummum
393 366 546 403 nullum
575 378 655 403 esse
679 372 876 416 erogatum
901 377 969 403 nec
996 366 1173 416 privatim
1199 379 1269 405 nec

156 420 337 473 publice?
365 418 474 466 Quid
491 419 615 457 dicam
640 419 688 457 de
710 419 814 456 illius
831 419 1030 469 praefectis,
1051 420 1267 468 comitibus,

156 474 290 525 legatis
305 476 323 512 Ρ
352 473 466 511 etiam
493 473 540 511 de
567 472 724 524 rapinis,
744 473 792 510 de
810 471 1048 518 libidinibus,
1068 473 1115 510 de
1134 482 1267 511 contu-

152 528 279 566 meliis
292 530 310 566 ,⁹
339 528 457 565 Nunc
475 534 603 564 autem
622 526 758 564 domus
775 526 1022 578 (mehercule)
1035 527 1144 564 nulla
1162 534 1268 565 tanto

151 581 312 620 consilio
344 587 411 618 aut
440 581 547 618 tanta
574 580 774 631 disciplina
811 581 1057 631 gubernatur,
1088 587 1155 618 aut
1186 588 1267 618 tam

154 635 325 674 modesta
342 641 410 682 est,
431 647 549 685 quam
567 640 696 672 nostra
713 640 793 672 tota
809 633 1014 684 provincia.

210 689 306 727 Haec
323 687 500 726 nonnulli
518 687 631 726 amici
645 687 765 739 Appii
775 687 932 726 ridicule
950 687 1266 739 interpretantur;

156 743 224 795 qui
240 755 303 781 me
320 742 458 780 idcirco
476 748 611 793 putent
629 743 726 779 bene
744 741 876 779 audire
893 741 1003 787 velle,
1023 750 1067 779 ut
1084 742 1149 779 ille
1168 742 1269 780 male

150 796 297 844 audiat,
331 804 369 834 et
397 803 495 834 recte
523 795 658 842 facere,
684 807 762 833 non
786 807 882 833 meae
908 795 1047 842 laudis,
1074 795 1141 833 sed
1165 796 1270 835 illius

155 850 409 897 contumeliae,
440 849 565 887 causa.
607 849 675 888 Sin
703 848 856 900 Appius
888 851 949 891 (ut
983 849 1099 886 Bruti
1134 849 1267 897 literae,

155 917 250 955 quas
277 904 327 942 ad
357 911 395 942 te
419 903 537 950 misit,
569 902 847 953 significabant)
877 902 1017 952 gratias
1037 902 1147 940 nobis
1175 903 1269 954 agit,

154 969 233 995 non
251 958 407 996 moleste
433 956 536 994 fero:
568 956 633 994 sed
661 965 789 994 tamen
815 969 859 994 eo
884 956 965 1006 ipse
989 956 1064 1002 die,
1089 969 1166 1007 quo
1187 958 1270 996 haec

155 1018 243 1049 ante
260 1012 385 1050 lucem
405 1010 628 1056 scribebam,
655 1009 868 1061 cogitabam
891 1010 972 1058 ejus
996 1010 1121 1047 multa
1138 1010 1270 1063 inique

152 1065 356 1104 constituta
374 1071 411 1103 et
428 1070 511 1101 acta
528 1064 670 1102 tollere.

210 1119 328 1157 Nunc
338 1117 448 1157 venio
466 1116 515 1154 ad
532 1117 717 1165 Brutum,
731 1129 847 1168 quem
867 1129 936 1167 ego
950 1116 1057 1156 omni
1075 1118 1215 1167 studio,
1231 1126 1269 1159 te

149 1172 319 1220 auctore,
340 1184 426 1210 sum
445 1171 666 1222 complexus
683 1184 696 1216 ;
724 1183 841 1222 quem
867 1170 982 1209 etiam
1004 1184 1131 1209 amare
1150 1185 1271 1225 coepe-

153 1239 258 1265 ram:
273 1226 356 1265 sed.
364 1253 375 1263 .
385 1252 395 1262 .
406 1253 416 1264 .
426 1224 529 1263 dico?
541 1224 711 1263 revocavi
723 1237 801 1271 me,
809 1236 858 1262 ne
866 1231 902 1262 te
916 1224 1160 1263 offenderem.
1176 1228 1272 1266 Noli

153 1280 255 1319 enim
273 1287 423 1332 putare,
439 1291 502 1316 me
519 1277 733 1330 quidquam
743 1278 937 1325 maluisse,
951 1291 1083 1329 quam,
1098 1287 1143 1317 ut
1160 1293 1271 1318 man-

154 1334 221 1373 dat
244 1334 290 1381 is,
309 1334 455 1379 facere;
485 1345 554 1370 nec
581 1332 663 1370 ulla
688 1332 735 1370 de
757 1345 798 1370 re
815 1332 903 1383 plus
920 1332 1121 1371 laborasse.
1151 1336 1271 1374 Man-

148 1388 331 1427 datorum
349 1394 478 1426 autem
501 1386 599 1424 mihi
624 1386 801 1424 libellum
826 1385 956 1424 dedit:
986 1386 1198 1439 iisdemque
1223 1389 1271 1428 de

154 1443 268 1481 rebus
286 1449 329 1480 tu
346 1453 500 1480 mecum
526 1452 667 1492 egeras.
703 1439 850 1479 Omnia
867 1452 956 1478 sum
982 1439 1270 1491 diligentissime

309 1503 382 1534 tus.

152 1576 155 1578 ,
210 1549 402 1596 Primum,
423 1550 471 1587 ab
491 1548 747 1587 Ariobarzane
772 1547 826 1586 sic
842 1548 1032 1595 contendi,
1054 1558 1097 1589 ut
1115 1553 1271 1600 talenta,

156 1617 244 1656 quae
261 1603 359 1641 mihi
376 1602 637 1654 pollicebatur,
650 1602 708 1640 illi
726 1602 843 1640 daret.
873 1601 1015 1648 Quoad
1032 1617 1185 1644 mecum
1204 1620 1272 1646 rex

157 1658 245 1705 fuit,
265 1658 432 1709 perbono
450 1656 532 1695 loco
550 1669 609 1694 τὰς
628 1663 730 1694 erat:
760 1665 847 1706 post
865 1668 888 1693 a
900 1656 1076 1708 Pompeii
1094 1672 1273 1710 procura-

158 1711 304 1750 toribus
323 1710 506 1749 sexcentis
523 1709 647 1761 premi
665 1717 807 1761 coeptus
820 1716 885 1747 est.
917 1709 1124 1762 Pompeius
1143 1722 1273 1753 autem
1330 1726 1333 1729 ’

157 1777 249 1804 cum
274 1766 323 1804 ob
343 1771 494 1803 caeteras
522 1776 652 1802 causas
670 1764 759 1814 plus
779 1770 903 1814 potest
924 1775 1040 1813 unus,
1061 1779 1179 1817 quam
1203 1782 1275 1807 cae„

147 1819 230 1858 -oeri
247 1830 392 1866 omnes,
416 1825 501 1856 tum
520 1817 624 1869 quod
641 1824 799 1868 putatur
817 1816 866 1854 ad
883 1817 1029 1855 bellum
1049 1819 1275 1861 Parthicum

159 1885 238 1912 esse
255 1880 448 1911 venturus.
475 1871 527 1909 Ei
545 1878 672 1909 tamen
692 1870 744 1909 sic
761 1883 865 1909 nunc
879 1871 1036 1910 solvitur
1052 1887 1062 1911 ε
1084 1874 1274 1915 tricesimo

160 1939 314 1979 quoque
331 1925 393 1964 die
421 1925 564 1964 talenta
595 1924 725 1962 Attica
746 1923 960 1972 XXXIII,
989 1933 1027 1963 et
1050 1927 1122 1967 hoc
1141 1942 1189 1968 ex
1208 1929 1276 1968 tri-

159 1981 287 2019 butis:
330 1991 399 2018 nec
427 1979 468 2017 id
497 1979 585 2017 satis
615 1978 727 2016 efficit
757 1978 798 2015 in
835 1990 992 2016 usuram
1021 1987 1272 2022 menstruam.

160 2034 237 2073 Sed
268 2032 410 2073 Cnaeus
434 2040 560 2071 noster
589 2033 792 2071 clementer
818 2031 859 2069 id
885 2031 981 2070 fert:
1022 2042 1119 2074 sorte
1147 2046 1272 2083 caret3

159 2086 289 2136 usura,
308 2099 378 2125 nec
395 2086 436 2125 ea
457 2086 590 2133 solida,
611 2093 809 2124 contentus
827 2092 895 2123 est.
926 2086 1007 2123 Alii
1023 2100 1146 2140 neque
1164 2091 1277 2129 solvit

159 2141 354 2192 cuiquam,
373 2153 443 2179 nec
461 2147 583 2192 potest
597 2140 739 2178 solvere
755 2153 766 2177 ε
787 2139 941 2178 nullum
960 2140 1060 2180 enim
1082 2145 1273 2191 aerarium,

159 2193 312 2233 nullum
329 2194 504 2245 vectigal,
523 2193 650 2232 habet.
689 2193 821 2245 Appii.
839 2193 1016 2232 instituto
1040 2198 1184 2238 tributa
1201 2199 1277 2237 im-

209 2249 379 2299 (Epist.)
407 2258 514 2287 vor„
536 2257 587 2285 υ.
926 2249 952 2284 2
972 2262 1003 2290 n
