1513 2382
279 96 362 134 AD
392 95 687 136 DIVERSOS.
718 95 816 134 Lm.
847 95 941 134 XV.
970 98 1007 135 7.
1152 95 1203 138 97

95 202 227 251 oratio,
260 216 348 255 quae
378 211 436 243 est
464 204 514 243 ad
541 217 604 243 me
632 204 840 256 perscripta
868 215 892 240 a
918 201 1013 241 meis
1037 213 1206 240 necessa-

93 270 170 295 rus.

147 310 222 349 Sed
249 323 402 349 causam
434 324 530 350 meae
559 311 764 350 voluntatis
799 309 894 361 (non
928 310 1030 348 enim
1063 309 1202 357 dicam,

92 363 325 415 cupiditatis)
358 366 515 416 exposui
547 366 618 404 tibi
649 364 904 416 superioribus
935 364 1080 402 literis.
1119 376 1206 414 quae

92 418 239 456 etiamsi
256 432 394 469 pamm
419 420 525 468 justa
547 419 618 457 tibi
636 419 716 458 visa
741 426 810 465 est,
830 419 928 456 hanc
946 425 1073 456 tamen
1090 416 1207 455 habet

91 471 290 518 rationem,
321 485 398 510 non
423 482 467 510 ut
496 474 610 511 nimis
635 472 955 524 concupiscendus
980 472 1113 518 honos,
1141 469 1207 508 sed

93 533 236 572 tamen,
257 526 288 564 si
307 526 497 564 deferatur
516 541 538 565 a
557 536 704 573 senatu,
724 527 885 564 minime
904 524 1205 577 adspernandus,

93 591 172 617 esse
190 579 374 618 videatur.
404 581 522 631 Spero
536 589 680 628 autem,
694 581 807 618 illum
826 580 1012 626 ordinem,
1032 592 1102 630 pro
1114 578 1209 616 meis

92 634 142 670 ob
160 634 436 685 rempublicam
459 635 639 686 susceptis
664 635 873 680 laboribus,
898 647 960 671 me
979 645 1056 670 non
1083 632 1210 684 indig-

92 698 187 724 num
205 687 360 735 honore,
381 688 520 726 usitato
538 688 760 740 praesertim,
781 687 1100 725 existimaturum.

146 740 264 788 Quod
283 740 315 778 si
331 741 384 778 ita
402 741 485 789 erit,
506 750 657 780 tantum
673 754 721 779 ex
739 748 777 779 te
795 748 897 792 peto
920 740 1042 792 (quod
1060 739 1211 778 amicis-

94 793 188 832 sime
202 794 349 842 scribis)
362 803 419 842 ut,
433 808 538 842 cum,
555 804 621 833 tuo
633 795 790 845 judicio,
805 794 908 846 quod
927 793 1209 845 amplissimum

95 860 173 886 esse
192 847 397 895 arbitraris,
426 849 523 886 mihi
542 849 742 893 tribueris3
774 848 804 886 si
822 849 875 896 id,
897 848 1000 900 quod
1017 848 1207 894 maluero,

92 901 240 949 accidit,
267 902 443 952 gaudeas.
471 903 532 941 Sic
562 903 664 940 enim
690 903 819 940 fecisse
843 910 894 949 te,
922 910 958 940 et
977 901 1148 948 sensisse,
1170 908 1208 939 et

93 955 218 993 verius
250 956 454 1007 scripsisse,
488 956 624 994 video:
654 969 789 1007 resque
817 956 901 1007 ipsa
929 955 1106 1001 declarat,
1138 954 1209 993 tibi

90 1008 203 1046 illum
241 1008 422 1047 honorem
460 1018 632 1047 nostrum
670 1009 955 1061 supplicationis
987 1008 1206 1058 jucundum

90 1062 219 1109 fuisse,
251 1063 355 1114 quod
380 1064 574 1101 scribendo
596 1063 750 1101 affuisti.
781 1063 878 1101 Haec
903 1063 1005 1100 enim
1036 1065 1205 1100 senatus-

88 1117 273 1163 consulta,
303 1128 380 1154 non
409 1117 557 1168 ignoro,
584 1119 632 1155 ab
652 1117 888 1155 amicissimis
908 1118 1004 1166 ejus,
1029 1117 1139 1165 cujus
1157 1115 1205 1154 de

87 1170 228 1208 honore
243 1170 382 1220 agitur,
404 1171 516 1209 scribi
531 1171 660 1209 solere.
690 1170 792 1221 Ego,
810 1178 854 1208 ut
872 1183 994 1222 spero,
1015 1178 1052 1208 te
1070 1182 1206 1220 prope-

28 1269 30 1271 ‚
87 1223 190 1261 diem
209 1223 359 1271 videbo,
380 1232 495 1276 atque
512 1224 663 1263 utinam
681 1224 878 1276 republica
896 1224 1066 1273 meliore,
1088 1235 1206 1275 quam

93 1277 208 1316 timeo
223 1277 233 1315 Ξ
264 1277 375 1317 Vale.

139 1441 231 1494 (7.)
258 1442 383 1481 MT.
403 1442 448 1482 C.
470 1442 704 1482 PRocos
736 1442 781 1482 c.
812 1441 1150 1492 MARCELLO,

362 1495 478 1537 cos.
507 1497 737 1537 DESIGN.
768 1498 808 1537 5.
820 1498 866 1536 P.
882 1497 937 1535 1).

147 1606 469 1655 (Argumentum.
495 1628 548 1636 ·—
572 1607 617 1645 C.
648 1606 850 1655 BIarceHo,
875 1605 1002 1645 Marci
1025 1604 1205 1656 patrueli,

93 1658 140 1696 de
159 1660 355 1698 consulatu
377 1661 603 1712 gratulatur,
629 1668 833 1713 postquam
860 1660 1006 1699 audivit
1034 1658 1207 1709 designa-

93 1719 178 1751 tum
196 1717 304 1762 esse.)

146 1820 326 1859 Maxima
344 1834 430 1860 sum
448 1822 581 1861 laetitia
600 1822 769 1871 affectus,
790 1834 877 1860 cum
897 1820 1040 1867 audivi,
1061 1827 1098 1858 te
1116 1831 1207 1858 con-

93 1874 216 1913 sulem
234 1875 379 1913 factum
399 1888 504 1914 esse:
535 1889 701 1927 eumque
713 1876 898 1914 honorem
916 1874 986 1913 tibi
1004 1874 1110 1912 Deos
1129 1873 1206 1911 for-

93 1935 227 1967 tunare
244 1929 344 1976 volo,
370 1936 485 1981 atque
503 1943 526 1968 a
544 1937 581 1968 te
608 1943 679 1981 pro
697 1930 765 1968 tua
789 1928 1030 1981 parentisque
1049 1927 1107 1966 tui
1124 1926 1210 1978 dig-

91 1981 209 2020 nitate
237 1982 503 2021 administrari.
544 1983 667 2030 Nam,
702 1996 791 2021 cum
828 1990 865 2020 te
897 1995 1047 2033 semper
1082 1980 1209 2019 amavi

93 2034 298 2087 dilexique,
327 2043 413 2075 tum
434 2037 511 2075 mei
533 2037 839 2075 amantissimum
858 2036 1017 2096 cognovi
1034 2035 1075 2072 in
1100 2034 1208 2072 omni

94 2088 271 2127 varietate
288 2102 415 2128 rerum
438 2101 642 2135 mearum;
673 2097 772 2138 tum,
803 2089 921 2141 patris
951 2089 1009 2127 tui
1031 2087 1209 2141 pluribus

93 2142 284 2181 beneficiis
312 2145 372 2182 vel
401 2144 577 2182 defensus
600 2144 770 2183 tristibus
798 2143 1049 2196 temporibus,
1069 2142 1130 2180 vel
1149 2153 1211 2179 or-

93 2202 206 2234 natus
224 2197 411 2245 secundis,
443 2204 481 2235 et
508 2210 594 2237 sum
617 2205 719 2238 totus
746 2204 883 2245 vester,
903 2204 941 2235 et
960 2209 1038 2236 esse
1062 2195 1207 2242 debeo;

150 2250 295 2300 (Epist.
302 2249 317 2300 )
340 2262 366 2288 v
373 2262 444 2289 οι.
468 2262 520 2288 11.
905 2262 932 2289 x
