1513 2382
116 140 191 178 140
356 136 440 176 AD
459 135 746 176 ATTICUM.
778 134 877 174 Lm.
899 135 933 174 Ι.
958 135 991 173 l.

121 248 168 287 P.
188 244 309 285 vario
327 257 416 284 cum
436 245 578 297 magna
596 245 758 297 pecunia
776 243 1032 306 fraudaretur,
1052 255 1165 295 agere
1177 255 1250 282 coe-

121 302 180 354 pit
197 313 288 340 cum
307 301 389 350 ejus
408 300 525 338 fratre
544 299 709 339 Caninio
727 299 852 338 Satrio
869 297 946 337 de
936 298 982 336 iis
997 299 1126 345 rebus,
1154 310 1253 348 quas

123 368 213 395 eum
232 354 322 394 dolo
338 354 444 393 malo
467 353 660 406 mancipio
684 353 870 405 accepisse
893 352 941 391 de
960 351 1081 391 Vario
1099 351 1253 391 diceret.

121 409 216 450 Una
233 410 399 461 agebant
417 408 541 447 caeteri
559 407 800 455 creditores,
789 420 831 445 111
850 407 992 459 quibus
1010 412 1090 445 erat
1104 405 1253 444 Lucul-

121 464 200 513 lus,
231 471 268 502 et
297 463 343 501 P.
364 462 505 525 Scipio,
537 471 574 502 et
600 463 647 510 is,
679 474 798 523 quem
816 463 1004 513 putabant
1021 460 1253 512 magistrum

122 518 218 567 fore,
238 517 271 557 si
287 519 389 556 bona
407 517 593 564 venirent,
615 517 664 554 L.
685 515 860 554 Pontius.
901 515 1053 554 Verum
1071 514 1145 553 hoc
1162 514 1256 553 ridi-

123 573 257 612 culum
276 579 345 619 est,
366 571 413 609 de
432 571 616 622 magistro
628 582 732 608 nunc
744 582 979 621 cognoscere.
1009 569 1179 620 Rogavit
1191 581 1257 608 me

125 626 316 674 Caecilius,
336 632 382 663 ut
400 625 570 663 adessem
589 631 720 663 contra
739 624 921 663 Satrium.
953 623 1050 661 Dies
1068 623 1147 662 fere
1165 623 1255 661 nul-

124 681 187 720 lus
206 688 277 728 est,
297 679 393 732 quin
412 679 475 717 hic
494 679 641 718 Satrius
656 678 817 716 domum
832 690 960 716 meam
976 678 1147 716 ventitet.
1168 677 1256 717 Ob-

126 742 250 774 servat
268 735 317 773 L.
334 732 555 772 Domitium
573 733 768 771 maxime.
790 744 854 770 me
871 732 989 770 habet
1005 731 1253 783 proximum.

125 789 201 828 fuit
219 795 257 827 et
274 787 386 836 mihi,
403 794 441 826 et
459 787 512 836 Q.
532 786 655 835 fratri,
677 799 820 838 magno
834 786 923 825 usui
941 786 982 823 in
1001 785 1140 825 nostris
1157 786 1257 838 peti-

126 843 307 882 tionibus.
338 843 439 881 Sane
467 854 553 880 sum
584 842 842 893 perturbatus,
874 853 965 880 cum
995 839 1117 902 ipsius
1141 840 1259 880 Satrii

125 896 400 944 familiaritate,
421 903 506 934 tum
526 895 740 945 Domitii,
730 907 770 934 m
790 908 869 948 quo
886 907 965 934 uno
982 893 1156 934 maxime
1173 907 1258 934 am-

125 951 220 990 bitio
238 958 369 990 nostra
386 949 534 989 nititur.

181 1004 458 1044 Demonstravi
475 1005 558 1044 haec
576 1004 756 1045 caecflio·
787 1004 905 1043 simul
919 1011 958 1043 et
975 1003 1074 1043 illud
1091 1004 1255 1054 ostendi,

129 1060 160 1099 si
178 1061 261 1113 ipse
279 1072 380 1098 unus
409 1071 499 1098 cum
529 1060 597 1099 illo
626 1072 706 1099 uno
723 1058 982 1124 contenderet,
1014 1071 1080 1098 me
1096 1058 1132 1098 ei
1150 1059 1260 1099 satis-

128 1114 324 1154 facturum
351 1114 492 1152 fuisse·
523 1126 641 1162 1111110,
662 1114 702 1152 111
721 1127 835 1154 causa
853 1114 1120 1152 universorum
1139 1113 1261 1152 credi-

129 1175 273 1216 torum,
286 1168 491 1206 hominum
502 1168 714 1220 praesertim
727 1167 1070 1220 amplissimorum,
1083 1167 1166 1220 qui,
1179 1168 1261 1207 sine

131 1236 175 1262 eo
195 1235 313 1276 quem
332 1223 510 1262 Caecilius
530 1236 599 1261 suo
618 1223 776 1261 nomine
793 1222 1023 1274 perhiberet,
1042 1222 1155 1261 facile
1168 1235 1260 1261 eau-

130 1290 213 1316 sam
245 1289 491 1315 communem
520 1277 762 1321 sustinerent,
791 1289 948 1328 aequum
976 1289 1070 1325 esse,
1102 1289 1191 1315 eum
1222 1285 1260 1316 et

129 1331 253 1370 officio
280 1343 367 1370 meo
395 1332 605 1377 consulere,
636 1339 673 1370 et
705 1331 880 1383 tempori.
912 1330 1064 1369 Durius
1092 1331 1262 1383 accipere

129 1386 203 1424 hoc
220 1385 319 1424 mihi
339 1385 443 1424 visus
468 1394 538 1433 est,
562 1398 681 1437 quam
700 1386 854 1433 vellem,
889 1394 926 1424 et
945 1398 1064 1437 quam
1083 1386 1261 1425 homines

129 1439 222 1478 belli
251 1440 399 1485 solent,
431 1447 469 1478 et
497 1448 627 1492 postea
658 1451 813 1491 prorsus
844 1441 894 1479 ab
923 1439 1101 1478 instituta
1131 1441 1264 1480 nostra

129 1506 342 1546 paucorum
361 1494 512 1533 dierum
531 1494 804 1533 consuetudine
821 1495 937 1546 longe
954 1493 1108 1546 refugit.

184 1549 273 1587 Abs
292 1557 330 1588 te
347 1556 451 1600 peto,
472 1556 517 1587 ut
534 1549 632 1587 mihi
651 1549 722 1587 hoc
740 1549 928 1601 ignoscaS,
942 1557 1054 1587 etme
1066 1548 1262 1588 existimes

130 1601 373 1642 humanitate
400 1616 479 1642 esse
507 1603 761 1655 prohibitum,
791 1616 841 1642 ne
870 1611 1002 1642 contra
1020 1603 1134 1643 amici
1153 1617 1262 1642 sum-

130 1669 238 1695 mam
253 1657 591 1706 existimationem,
611 1657 826 1697 miserrimo
846 1659 931 1708 ejus
949 1665 1134 1710 tempore,
1155 1658 1262 1697 veni-

130 1723 239 1757 rem;
269 1724 359 1750 cum
378 1711 410 1751 is
428 1712 559 1750 omnia
577 1725 647 1751 sua
671 1712 800 1751 studia
827 1720 864 1751 et
884 1712 1008 1751 officia
1025 1713 1066 1751 in
1087 1726 1151 1751 me
1170 1725 1261 1751 con-

130 1765 291 1804 tulisset.
321 1765 440 1814 Quod
459 1766 490 1805 si
502 1767 605 1805 voles
622 1766 663 1804 in
682 1778 746 1805 me
760 1779 839 1806 esse
849 1766 994 1814 durior,
1010 1767 1262 1806 ambitionem

128 1820 284 1870 putabis
301 1820 400 1858 mihi
418 1820 617 1859 obstitisse.
644 1821 732 1873 Ego
747 1829 878 1860 autem
897 1821 1073 1869 arbitror,
1094 1821 1210 1860 etiam
1230 1821 1262 1861 si

128 1873 169 1910 id
200 1874 262 1922 sit,
282 1874 380 1913 mihi
397 1875 674 1926 ignoscendum
694 1888 798 1914 esse:
831 1891 908 1913 επει
929 1891 996 1928 ουχ
1018 1878 1156 1926 ἱερηῖον,
1185 1875 1260 1913 ουδε

130 1927 258 1968 fissam.
288 1929 410 1968 Vides
438 1929 556 1977 enim,
588 1930 629 1968 in
663 1942 741 1982 quo
770 1942 883 1969 0111511
910 1930 1043 1979 51111115,
1074 1938 1111 1968 01
1140 1941 1262 1982 (1113111

129 1993 262 2020 omnes
280 1983 422 2033 gratias
440 1997 517 2022 non
536 1983 654 2022 modo
672 1983 902 2031 retinendas,
916 1997 1052 2023 verum
1068 1984 1183 2022 etiam
1199 1997 1263 2022 ae-

129 2035 350 2086 quirendas,
363 2046 559 2089 putemus.
589 2039 709 2090 Spero
720 2038 791 2077 tibi
805 2051 870 2076 me
883 2051 1038 2077 causam
1058 2036 1258 2090 probasse·
1246 2067 1260 2084 ,

129 2089 243 2140 cupio
261 2091 420 2142 quidem
439 2100 550 2131 certe.
595 2093 863 2132 Hermathena
885 2100 954 2131 tua
972 2093 1084 2132 valde
1112 2105 1176 2131 me
1193 2092 1261 2130 de-

127 2142 268 2190 lectat;
301 2152 338 2183 et
363 2146 487 2197 posita
504 2147 558 2186 ita
583 2147 683 2186 belle
701 2154 771 2197 est,
802 2154 846 2185 ut
864 2154 987 2185 totum
1009 2147 1260 2199 gymnasium

118 2197 230 2289 &gg
261 2198 426 2249 αναθημα
456 2214 535 2240 esse
565 2201 751 2241 videatur.
791 2201 972 2240 Multum
1002 2210 1039 2241 te
1068 2214 1259 2241 amamus.
