1513 2382
230 99 307 138 116
408 97 491 137 AD
521 97 820 139 DIVERSOS.
851 97 952 138 1113.
983 97 1103 138 XVI.
1133 98 1172 136 4.

224 205 310 259 (3.)
354 205 610 245 TULLIUS
638 207 715 246 ET
743 206 959 247 CICERO
996 203 1205 244 TIRONI
1235 203 1345 245 SUO

317 261 358 300 S.
369 260 424 299 D.
451 261 528 300 ET
558 262 609 306 Q.
629 261 835 312 PATER,
867 260 942 300 ET
973 261 1027 306 Q.
1045 259 1255 300 FILIUS.

276 369 603 475 (ᾼνὲόιιηιεηίαηι.
619 392 673 399 -
685 371 829 423 Rogat,
846 380 891 409 ut
908 369 1016 410 omni
1030 367 1122 408 cura
1137 366 1350 407 valetudini

223 432 376 463 serviat.

277 531 362 571 Nos
390 531 495 584 apud
512 532 711 583 Alyziam,
732 546 781 571 ex
800 545 877 584 quo
894 533 978 571 loco
1006 531 1076 570 tibi
1103 530 1232 569 literas
1258 537 1347 570 ante

220 586 461 635 dederamus,
499 599 622 624 unum
653 586 756 624 diem
795 586 1019 624 commorati
1056 597 1205 631 sumus,
1242 584 1349 635 quod

221 640 394 687 Quintus
413 652 482 678 nos
500 648 722 678 consecutus
747 651 825 678 non
844 648 935 679 erat.
965 640 1007 678 Is
1026 638 1105 677 dios
1123 638 1200 676 fuit
1220 638 1346 676 Nonae

223 695 476 732 Novembres.
525 693 624 731 Inde
653 701 742 731 ante
770 694 896 732 lucem
928 692 1222 745 proficiscenteS‚
1259 699 1349 730 ante

219 747 323 785 diem
357 746 469 785 VIII
499 747 595 786 Idus
629 747 869 786 Novembres
893 747 963 785 has
994 747 1122 784 literas
1157 745 1347 784 dedimus.

220 801 305 849 Tu,
323 801 356 840 si
374 814 443 840 nos
461 813 595 840 omnae
614 813 736 848 amas,
757 809 795 839 et
813 801 1003 853 praecipue
1021 813 1099 848 me,
1118 799 1347 850 magistrum

221 862 348 903 tuum,
378 855 563 894 confirma
586 863 635 893 te.
676 855 764 906 Ego
790 855 901 893 valde
931 867 1114 915 suspenso
1133 853 1263 892 animo
1281 867 1348 892 ex-

218 917 359 960 specto,
392 909 565 960 primum
587 916 625 948 te
655 909 810 957 scilicet,
837 909 975 947 deinde
1007 907 1228 947 Marionem
1257 920 1347 946 cum

220 963 296 1002 tuis
314 963 446 1001 literis.
489 963 637 1002 Omnes
662 963 855 1015 cupimus,
885 976 955 1015 ego
983 962 1023 1000 in
1049 962 1200 1014 primis,
1226 975 1343 1013 quam

217 1017 387 1068 primum
406 1026 444 1055 te
462 1017 615 1063 videre;
646 1017 725 1066 sed,
746 1017 802 1055 mi
820 1017 931 1065 Tiro,
951 1017 1155 1055 valentem.
1196 1016 1343 1064 Quare,

215 1071 313 1109 nihil
338 1071 580 1132 properaris:
611 1070 701 1109 satis
722 1070 934 1122 [quotidie]
956 1071 1098 1118 videro,
1128 1070 1159 1108 si
1187 1069 1342 1110 valebis.

218 1124 460 1163 Utilitatibus
479 1125 555 1163 tuis
569 1137 727 1176 possum
745 1138 894 1162 carere:
925 1133 963 1163 te
983 1125 1123 1172 valere,
1144 1123 1212 1162 tua
1230 1137 1343 1162 causa

215 1178 386 1230 primum
404 1179 505 1228 volo,
527 1186 612 1216 tum
633 1191 735 1226 mea,
756 1178 812 1216 mi
831 1179 938 1217 Tiro.
969 1178 1080 1217 Vale.

300 1336 391 1388 (4.)
421 1336 483 1377 M.
501 1336 550 1376 T.
566 1336 613 1378 C.
640 1337 716 1376 ET
747 1338 800 1382 Q.
829 1337 915 1376 FR.
946 1336 1022 1376 ET
1052 1338 1105 1382 Q.
1135 1336 1242 1376 FIL.

640 1391 846 1432 TIRONI
876 1393 916 1431 S.

271 1499 597 1549 (Argumentum.
612 1501 782 1540 ——Tota
800 1500 1009 1540 cohortatio
1042 1507 1097 1539 est
1127 1499 1176 1538 ad
1205 1511 1341 1539 curan-

219 1552 310 1592 dam
329 1554 599 1593 valetudinem.
606 1553 622 1604 )

266 1660 385 1699 Varie
402 1674 489 1700 sum
508 1662 665 1702 affectus
683 1664 761 1702 tuis
779 1663 923 1709 literis;
954 1663 1066 1703 valde
1084 1663 1209 1715 priore
1227 1663 1336 1714 pagi-

214 1727 266 1753 na
280 1717 539 1765 perturbatus,
552 1717 715 1768 paulum
727 1719 846 1757 altera
857 1725 1058 1757 recraetus
1088 1717 1221 1765 Quare
1237 1729 1339 1755 nunc

212 1768 370 1820 quidem
389 1782 465 1807 non
480 1769 629 1818 dubito,
643 1771 753 1833 quin?
774 1772 904 1824 quoad
921 1773 1036 1823 plane
1055 1772 1194 1820 valeas,
1214 1778 1252 1809 te
1271 1782 1338 1809 ne-

213 1836 289 1874 que
307 1822 541 1873 navigationi
567 1837 694 1877 neque
711 1826 783 1864 viae
801 1826 959 1865 commit
947 1832 1030 1864 tas.
1071 1824 1172 1864 Satis
1197 1832 1236 1862 te
1253 1836 1338 1862 ma-

216 1885 300 1914 ture
328 1876 471 1926 videro,
491 1878 522 1916 si
540 1879 655 1930 plane
677 1880 946 1918 confirmatum
965 1879 1105 1917 videro.
1135 1878 1199 1916 De
1215 1878 1338 1916 medi-

215 1943 258 1968 co
277 1937 316 1968 et
329 1937 373 1968 tu
386 1932 484 1970 bene
502 1932 712 1971 existimari
730 1934 876 1980 scribis,
895 1940 932 1972 et
950 1946 1020 1984 ego
1039 1933 1091 1972 sic
1109 1931 1248 1970 audio:
1270 1932 1336 1970 sed

213 1984 327 2035 plane
345 1985 557 2024 curationes
575 1988 658 2036 ejus
676 1999 752 2026 non
771 1989 903 2038 probo.
932 1987 961 2025 J
965 2000 1010 2025 us
1028 1987 1133 2025 enim
1161 1985 1335 2024 dandum

212 2037 283 2076 tibi
302 2049 379 2076 non
397 2038 486 2086 fuit,
508 2052 639 2078 cumn
619 2056 688 2077 au
693 2056 902 2092 οστομαχος
919 2053 1037 2079 esses:
1069 2040 1134 2079 sed
1153 2047 1281 2078 tamen
1301 2049 1337 2078 et

215 2091 263 2129 ad
282 2091 395 2129 illum
415 2093 546 2144 scripsi
565 2102 751 2143 accurate,
767 2094 866 2133 etad
887 2095 1092 2146 Lysonem.

263 2144 331 2183 Ad
349 2145 515 2186 Curium
529 2160 630 2198 vero,
652 2148 921 2189 suavissimum
939 2148 1151 2197 hominem,
1173 2154 1210 2186 ct
1226 2160 1330 2186 sum-
