1513 2382
214 88 293 127 308
430 89 511 127 AD
535 87 820 128 ATTICUM.
848 88 948 127 LIB.
969 89 1043 128 VI.
1077 91 1112 128 l.

210 204 296 248 post
313 205 402 234 eum
421 195 629 243 consulem,
652 208 765 234 nemo
791 196 1005 246 Cornelius,
1024 196 1092 234 ino
1113 195 1213 247 vivo,
1232 209 1320 238 cen..

214 262 276 288 sor
294 249 425 287 fuerit.

265 303 383 351 Quod
407 303 455 340 de
474 303 695 350 Philotimo,
720 311 757 342 et
783 303 830 341 de
857 302 1043 341 solutione
1065 302 1136 342 HS
1155 303 1317 345 XXDC

213 357 369 401 scribis3
401 356 656 394 Philotimum
685 357 829 396 circiter
848 355 1005 395 Calend.
1036 356 1242 396 Januarias
1278 358 1320 397 in

213 411 489 449 Chersonesum
504 410 617 448 audio
636 411 802 449 venisset
833 423 877 448 ac
893 409 991 447 mihi
1004 410 1052 447 ab
1071 422 1115 448 eo
1133 410 1230 449 nihil
1253 411 1322 450 ad-

210 465 298 502 huc.
327 464 496 514 Reliqua
513 476 600 501 mea
627 464 813 502 Camillus
832 463 959 501 scribit
977 475 1016 501 se
1040 464 1249 515 accepisse3
1278 477 1322 504 ea

211 531 298 569 quae
310 517 397 564 sint,
417 517 555 564 nescio,
569 525 606 554 et
623 530 714 555 aveo
733 517 836 555 scire.
865 517 1015 555 Verum
1028 516 1109 555 haec
1121 517 1321 568 posterius,

210 578 250 609 et
268 583 394 610 coram
425 570 580 608 fortasse
598 570 847 609 commodius.
877 569 985 608 Illud
1002 582 1079 617 me,
1104 571 1161 608 mi
1178 571 1323 620 Attice,

209 625 251 662 in
281 624 452 662 extrema
482 623 560 661 fere
590 631 698 675 parte
729 624 895 675 epistolae
922 623 1153 662 commovit:
1193 625 1324 664 scribis

213 678 316 716 enim
347 678 414 725 sic,
445 692 480 714 τι
513 684 616 714 hom-0
621 679 669 715 u?
698 677 835 715 deinde
859 689 922 714 me
948 677 1118 715 obsecras
1144 678 1326 717 amantis-

210 731 320 778 sime,
352 743 400 769 ne
431 730 628 769 obliviscar
656 731 826 782 vigilare,
860 737 899 768 et
925 737 970 768 ut
1005 730 1320 780 animadvertam,

210 799 298 836 quae
319 784 424 822 fiant.
466 785 576 822 Num
598 785 693 836 qiud
717 784 765 823 de
788 797 865 836 quo
889 783 1098 822 inaudlsti.
1089 787 1106 812 ⁹
1134 785 1203 824 etsi
1223 785 1323 824 nihil

209 838 399 887 ejusmodi
417 845 495 875 est.
527 845 625 875 πολλ
628 853 663 875 ου
682 854 721 885 γε
746 853 804 875 και
825 838 895 875 ὃειε
925 850 995 876 nec
1013 837 1116 875 enim
1133 851 1197 876 me
1213 838 1322 878 fefel-

207 892 325 939 lisset,
346 904 415 930 nec
439 891 557 930 fallet.
594 892 670 930 Sed
687 891 759 930 ista
783 891 992 929 admonitio
1013 897 1094 940 tua,
1113 898 1194 930 tam
1212 905 1324 931 accu-

209 952 304 992 rata,
324 945 449 983 nescio
467 944 561 996 quid
578 945 675 983 mihi
693 945 903 996 significare
920 944 1000 983 visa
1018 951 1085 983 est.

262 999 325 1036 De
345 999 406 1036 M.
428 998 603 1046 Octavio,
630 999 771 1037 iterum
793 999 876 1047 jam
905 998 976 1036 tibi
1004 998 1178 1047 rescribo,
1209 997 1322 1036 teini

210 1054 325 1104 probe
362 1053 598 1103 respondisse
614 1067 625 1090 z
662 1053 779 1104 paulo
808 1052 947 1090 vellem
981 1051 1173 1090 fidentius.
1213 1051 1321 1090 Nam

210 1106 352 1145 Coelius
370 1107 551 1144 libertum
564 1106 612 1144 ad
626 1119 689 1144 me
700 1105 817 1154 misit,
831 1114 870 1144 et
882 1106 1008 1144 literas
1022 1111 1194 1144 accurate
1204 1105 1324 1157 scrip-

210 1168 292 1198 tas:
324 1160 388 1198 sed
414 1160 681 1211 de‘pantheris
708 1159 816 1207 foede,
844 1172 887 1198 ac
915 1159 963 1198 de
991 1158 1217 1197 civitatibus.
1245 1159 1326 1198 Re-

209 1214 356 1265 scripsi,
377 1214 537 1251 alterum
558 1226 621 1251 me
645 1214 803 1251 moleste
829 1213 939 1260 ferre,
966 1213 998 1251 si
1016 1226 1086 1263 ego
1102 1213 1144 1251 in
1162 1213 1326 1252 tenebris

209 1268 382 1313 laterem,
402 1279 471 1305 nec
489 1267 619 1304 audire
621 1274 684 1304 tur
703 1267 855 1315 Romae,
885 1246 1060 1304 nu11um⁰
1064 1266 1104 1304 in
1122 1266 1211 1304 mea
1236 1279 1327 1318 pro-

210 1321 334 1359 vincia
352 1333 574 1367 nummum,
595 1320 668 1358 nisi
697 1320 737 1357 in
763 1333 813 1358 aes
841 1320 1025 1367 alienum,
1056 1319 1228 1370 erogari;
1257 1320 1326 1358 do-

209 1374 361 1425 cuique,
381 1386 450 1412 nec
468 1374 565 1411 mihi
583 1373 780 1412 conciliare
803 1373 1006 1425 pecuniam
1030 1373 1155 1421 licere,
1181 1385 1251 1412 nec
1268 1372 1327 1411 ini

210 1440 365 1479 capere·
396 1428 606 1479 monuique
624 1440 728 1488 eum,
744 1439 861 1488 quem
878 1427 992 1478 plane
1005 1426 1137 1477 diligo,
1156 1435 1214 1476 ut,
1234 1439 1325 1466 cum

211 1481 304 1519 alios
334 1482 556 1529 accusasset,
588 1481 736 1519 cautius
754 1481 922 1519 viveret:
952 1480 1050 1518 illud
1074 1486 1204 1518 autem
1231 1481 1327 1520 alte-

211 1547 314 1582 rum,
335 1536 503 1574 alienum
522 1548 601 1573 esse
615 1535 893 1573 existimatione
910 1534 1012 1583 mea,
1033 1533 1232 1585 Cybiratas
1249 1534 1325 1573 im-

211 1588 316 1640 perio
333 1601 419 1627 meo
437 1589 589 1640 publice
600 1588 742 1626 venari.

232 1661 237 1664 -
266 1642 403 1693 Lepta,
423 1643 493 1680 tua
511 1641 681 1693 epistola,
697 1642 836 1693 gaudio
851 1642 1034 1680 exsultat:
1056 1641 1197 1680 etenim
1211 1641 1328 1694 scrip-

213 1702 252 1733 ta
269 1696 369 1734 belle
388 1703 457 1744 est,
477 1708 617 1747 meque
643 1695 747 1747 apud
772 1708 861 1733 eum
886 1696 1030 1746 magna
1050 1694 1090 1733 in
1112 1695 1235 1746 gratia
1258 1708 1329 1747 po-

214 1749 303 1787 suit.
335 1750 473 1788 Filiola
498 1757 566 1787 tua
594 1758 748 1801 gratum
775 1749 872 1787 mihi
894 1749 997 1795 fecit,
1024 1749 1129 1800 quod
1153 1749 1223 1787 tibi
1240 1749 1330 1789 dili·

212 1810 343 1853 genter
360 1803 571 1852 mandavit,
591 1811 636 1841 ut
648 1803 746 1841 mihi
771 1803 933 1841 salutem
951 1802 1181 1841 adscriberes
1199 1815 1210 1839 ε

213 1868 297 1894 tum
310 1856 424 1894 etiam
440 1857 540 1894 Pilia
555 1870 567 1902 3
585 1857 650 1895 sed
663 1857 730 1894 illa
741 1856 955 1903 officiosius,
971 1855 1075 1908 quod
1085 1856 1195 1906 mihi,
1211 1869 1329 1908 quem

211 1922 412 1961 nunquam
427 1911 546 1957 vidit;
566 1911 684 1962 igitur
697 1917 740 1948 tu
755 1922 908 1962 quoque
927 1911 1086 1948 salutem
1099 1910 1252 1962 utrique
1262 1910 1332 1950 ad.

211 1964 373 2002 scribito.
409 1963 650 2013 [Literarum
664 1964 840 2002 datarum
858 1964 956 2015 prid.
969 1964 1051 2002 Cal.
1065 1964 1095 2002 J
1096 1976 1227 2002 anuar.
1242 1976 1330 2003 sua-

213 2029 299 2054 vem
328 2018 482 2070 habuit]
513 2018 809 2057 recordationem
836 2017 1035 2056 clarissimi
1059 2017 1325 2068 jurisJurandi,

210 2070 316 2121 quod
330 2084 399 2122 ego
417 2084 493 2109 non
515 2085 618 2110 eram
637 2072 798 2112 oblitus:
824 2084 987 2124 magnus
1005 2072 1107 2110 enim
1125 2078 1328 2123 praetexta-

213 2130 316 2163 tatus
334 2125 400 2164 illo
419 2125 479 2176 die
498 2125 564 2164 fui.
