1513 2382
193 75 274 113 314
412 74 493 115 AD
519 75 801 115 ATTICUM.
828 75 929 114 Lm.
952 75 1027 115 VI.
1055 77 1097 114 3.

194 182 268 221 hoc
286 188 556 231 statueramus,
585 191 630 221 ut
656 183 929 233 negotiatorem
946 183 1168 222 neminem:
1198 181 1329 234 idque-

195 236 322 274 Bruto
352 238 658 288 probaveramus.
702 237 858 275 Habeat
884 237 916 275 is
940 244 1086 275 turmas
1102 239 1120 275 ?
1152 248 1220 274 cur
1246 248 1316 287 po-

196 289 287 338 tius,
309 303 428 341 quam
446 290 616 329 cohortes
633 293 651 329 ?
680 291 821 330 Sumtu
831 292 915 340 jam
929 302 1046 342 nepos
1060 289 1185 329 evadit
1199 290 1317 341 Scap-

194 342 284 381 tius.
314 344 478 392 Volunt,
506 344 648 396 inquis,
677 344 879 396 principes.
917 344 1029 383 Scio:
1059 356 1151 382 nam
1179 343 1228 381 ad
1252 356 1317 382 me

196 397 398 448 Ephesum
427 411 549 448 usque
576 405 774 445 venerunt,
798 398 1006 449 flentesque
1032 397 1207 449 equitum
1235 409 1315 435 sce-

195 450 289 498 lera,
310 458 347 489 et
365 451 536 490 miserias
555 465 655 499 suas,
668 451 898 489 detulerunt.
928 452 1066 502 Itaque
1079 451 1207 489 statim
1226 449 1315 488 dedi

194 504 337 552 literas,
364 512 410 543 ut
428 519 476 543 ex
496 505 624 556 Cypro
652 505 797 556 equites
824 512 913 543 ante
931 512 1071 542 certam
1088 504 1190 542 diem
1208 503 1317 542 deceq

197 558 355 597 derent:
385 561 435 597 ob
458 571 620 609 eamque
646 571 814 605 causam,
842 565 927 596 tum
955 560 1005 597 ob
1025 565 1188 605 caeteras,
1208 557 1316 597 Sala-

197 612 310 650 minii
338 625 407 651 nos
436 612 477 649 in
511 612 648 650 coelum
677 612 835 651 decretis
862 612 941 650 suis
965 611 1212 650 sustulerunt.
1240 610 1317 649 Sed

196 666 281 714 jam
300 666 395 716 quid
419 678 515 717 opus
544 666 716 717 equitatu
731 668 749 705 Ρ
779 666 931 704 solvunt
959 665 1064 704 enim
1088 664 1288 704 Salaminii
1303 679 1315 702 ι

197 719 271 757 nisi
289 720 386 758 forte
403 720 444 757 id
463 720 640 758 volumus
658 719 774 758 armis
789 720 948 766 efficere,
963 726 1008 757 ut
1025 719 1149 757 foenus
1167 725 1321 770 quater-‹-

197 773 258 811 nis
271 773 483 812 centesimis
498 774 650 812 ducant.
679 773 735 812 Et
749 770 818 825 ego
830 773 978 812 audebo
991 773 1116 824 legere
1128 784 1318 823 unquam,

198 834 267 865 aut
283 827 469 878 attingere
489 840 550 866 eos
570 827 699 876 libros,
716 840 812 879 quos
826 834 870 865 tu
884 827 1071 874 dilaudas,
1087 827 1119 864 si
1137 827 1212 864 tale
1226 825 1321 877 quid

199 934 417 974 dulcissime
448 935 606 973 Attice:
637 947 722 982 nos,
751 948 894 983 vereor,
920 947 970 974 ne
996 947 1148 986 parum.
1183 934 1320 985 Atque

198 988 294 1037 haec,
322 989 452 1040 scripsi
483 1001 552 1040 ego
585 988 634 1027 ad
665 989 851 1039 Brutum,
872 988 1061 1041 scripsisse
1091 994 1131 1027 te
1161 987 1212 1026 ad
1240 1000 1321 1026 me.

201 1042 398 1093 Cognosce
417 1055 521 1081 nunc
539 1050 684 1082 caetera.

254 1096 332 1134 Pro
350 1097 485 1148 Appio
508 1108 579 1135 nos
604 1097 670 1136 hic
692 1096 822 1136 omnia
849 1096 1058 1143 faciemus3
1087 1095 1244 1134 honeste
1262 1102 1320 1139 ta*

199 1162 304 1197 men,
334 1150 400 1189 sed
424 1151 539 1202 plane
556 1150 744 1190 libenter·
775 1163 845 1189 nec
869 1151 973 1189 enim
993 1150 1123 1202 ipsum
1141 1149 1319 1188 odimus·

198 1211 237 1242 et
264 1204 437 1242 Brutum
466 1216 667 1242 amamus.
707 1211 744 1242 et
778 1204 985 1255 Pompeius
1016 1203 1176 1241 mirifice
1206 1216 1230 1240 a
1257 1215 1322 1240 me

198 1257 421 1302 contendit3
452 1270 570 1308 quem
597 1256 850 1310 (mehercule)
880 1258 969 1309 plus
990 1257 1155 1309 plusque
1181 1256 1221 1294 in
1241 1255 1321 1294 dies

197 1310 329 1361 diligo.
372 1309 418 1350 C.
450 1311 616 1349 Coelium
645 1319 875 1363 quaestorem
905 1311 982 1351 huc
1005 1311 1133 1349 venire
1163 1309 1320 1349 audisti.

198 1364 355 1412 Nescio,
371 1364 466 1416 quid
485 1364 560 1403 sit·
590 1364 656 1404 sed
671 1392 841 1403 ......

252 1418 480 1456 Pammenia
507 1418 575 1457 illa
601 1419 699 1456 1111111
726 1431 804 1457 non
825 1419 988 1470 placent·
1018 1419 1106 1469 Ego
1131 1430 1194 1456 me
1212 1430 1324 1470 spero

196 1471 364 1511 Athenis
392 1472 473 1510 fore
503 1484 636 1511 mense
666 1473 892 1524 Septembri.
930 1472 1110 1510 Tuorum
1137 1471 1320 1510 itinerum

197 1531 371 1577 tempora
389 1525 484 1564 scire
511 1539 601 1565 sane
619 1526 746 1565 velim.
787 1525 953 1570 Ευηθειαν
981 1525 1198 1577 Sempronii
1225 1526 1321 1564 Rufi

197 1580 358 1629 cognovi
376 1592 425 1618 ex
444 1579 603 1631 epistola
616 1580 683 1618 tu'a
698 1579 909 1632 Corcyraea.
938 1579 1047 1628 Quid
1061 1579 1199 1631 quaeris
1214 1581 1232 1618 ‚⁹
1259 1578 1321 1616 in-

198 1632 308 1671 video
326 1634 508 1684 potentiae
519 1633 697 1675 Vestorii.
728 1634 943 1685 Cupiebam
958 1633 1074 1672 etiam
1087 1645 1191 1672 nunc
1208 1632 1322 1685 plura

196 1686 339 1736 garrire
355 1700 368 1733 3
389 1687 454 1726 sed
467 1687 570 1726 lucet
585 1702 596 1726 ι
617 1695 730 1739 urget
747 1690 860 1726 turba
875 1702 886 1725 :
907 1687 1060 1726 festinat
1074 1687 1318 1738 Philogenes.

198 1740 357 1779 Valebis
367 1740 511 1792 igitur3
533 1748 570 1780 et
583 1741 708 1780 valere
727 1741 870 1780 Piliam
887 1749 925 1779 et
935 1741 1132 1780 Caeciliam
1150 1747 1323 1785 nostram¹

193 1793 350 1843 jubebis
367 1795 499 1834 literis.
527 1795 700 1834 Salvebis
718 1808 742 1834 a
758 1807 847 1834 meo
865 1795 1058 1835 Cicetone.
1094 1828 1097 1829 γ

429 1956 518 2009 (3.)
555 1955 769 1997 CICERO
795 1956 1020 1997 ATTICO
1047 1957 1089 1996 S.

252 2062 340 2102 Etsi
364 2065 421 2103 nil
448 2077 539 2104 sane
555 2065 748 2105 habebam
774 2064 877 2114 novi,
905 2064 1009 2117 quod
1025 2070 1113 2116 post
1130 2061 1322 2102 accidisset

200 2129 320 2168 quam
339 2118 526 2158 dedissem
552 2120 602 2158 ad
621 2127 658 2158 te
677 2119 895 2170 Philogeni,
914 2119 1052 2158 liberto
1069 2125 1151 2166 tuo,
1166 2117 1321 2161 literas;

199 2177 327 2209 tamen
360 2185 450 2212 cum
482 2173 739 2213 Philotimum
764 2174 932 2214 Romam
958 2172 1205 2218 remitterem,
1232 2171 1323 2209 scri-
