1513 2382
245 143 321 180 146
467 140 551 180 AD
569 140 856 181 ATTICUM.
890 141 990 180 1113.
1012 141 1047 180 Ι.
1071 140 1131 180 10.

238 250 431 303 scripsisti,
448 251 531 300 jam
550 262 654 289 nunc
672 262 736 289 me
750 249 962 289 admodum
979 249 1180 288 delectant.
1209 249 1357 298 Quare,

239 305 368 354 velim,
390 312 427 344 et
445 317 522 352 eos,
543 312 580 343 et
599 304 722 355 signa,
751 312 789 343 et
806 312 954 353 caetera,
974 317 1062 357 quae
1079 303 1150 343 tibi
1169 304 1251 353 ejus
1268 304 1357 352 loci,

237 367 275 398 et
292 360 410 398 nostri
437 358 568 406 studii,
597 366 635 397 et
663 366 740 397 tuae
770 359 980 410 elegantiae,
1012 370 1092 397 esse
1110 358 1356 405 videbuntur,

236 426 356 466 quam
369 414 551 465 plurima,
571 425 690 474 quam
703 413 966 465 primumque,
977 413 1122 461 mittas,
1139 419 1176 451 et
1188 412 1359 450 maxime

236 481 325 520 quae
343 468 413 507 tibi
431 467 623 519 gymnasii
641 467 819 519 xystique
832 468 1064 506 videbuntur
1078 480 1179 505 esse.
1209 479 1302 505 nam
1316 466 1358 504 in

236 535 281 562 eo
299 535 435 573 genere
455 522 508 560 sic
527 521 653 560 studio
677 521 882 569 efferimur,
912 529 957 560 ut
987 523 1054 559 abs
1077 528 1114 559 te
1132 520 1356 570 adjuvandi,

233 578 282 615 ab
302 577 385 614 aliis
403 589 521 628 prope
532 575 847 625 reprehendendi,
864 576 994 614 simus.
1024 574 1067 614 Si
1078 575 1239 613 Lentuli
1249 575 1358 613 navis

234 643 311 669 non
330 630 415 676 erit,
435 642 513 681 quo
532 629 603 667 tibi
620 629 800 680 placebit,
821 630 1019 681 imponito.
1049 628 1233 676 Tulliola,
1260 628 1355 667 deli-

232 684 338 723 ciolae
357 691 508 730 nostrae,
528 691 642 721 tuum
661 684 938 721 munusculum
956 683 1128 734 flagitat;
1158 691 1196 722 et
1213 695 1290 730 me,
1311 691 1354 720 ut

231 750 464 790 sponsorem,
478 737 659 788 appellat.
679 736 785 775 Mihi
799 744 929 776 autem
940 738 1118 788 abjurare
1130 737 1268 775 certius
1283 744 1352 785 est,

229 804 347 843 quam
366 791 590 844 dependere.

463 951 555 1007 (9.)
586 951 800 993 CICERO
826 952 1045 994 ATrICO
1074 954 1112 994 S.

279 1062 464 1102 Nimium
482 1075 567 1100 raro
581 1062 691 1101 nobis
715 1064 783 1101 abs
800 1069 838 1100 te
857 1062 976 1101 literae
993 1063 1229 1108 afferuntur;
1259 1075 1349 1102 cum

225 1125 263 1157 et
280 1118 406 1156 multo
424 1124 468 1155 tu
483 1116 633 1156 facilius
644 1118 824 1168 reperias,
841 1117 909 1169 qui
924 1117 1092 1156 Romam
1107 1115 1348 1169 proficiscan-

222 1179 301 1220 tur,
322 1183 441 1222 quam
460 1184 544 1222 ego,
576 1170 644 1222 qui
662 1171 865 1216 Athenas;
897 1178 934 1209 et
956 1171 1092 1210 certius
1111 1170 1180 1210 tibi
1199 1171 1262 1219 sit,
1281 1183 1347 1209 me

222 1238 304 1264 esse
322 1225 475 1271 Romae,
496 1237 614 1276 quam
633 1224 744 1272 mihi,
760 1232 798 1263 te
816 1225 995 1263 Athenis.
1026 1226 1178 1277 Itaque,
1191 1233 1346 1276 propter

220 1279 320 1318 hanc
339 1278 618 1317 dubitationem
637 1291 780 1326 meam,
803 1279 954 1317 brevior
978 1280 1060 1318 haec
1077 1279 1161 1331 ipsa
1186 1279 1346 1330 epistola

220 1340 302 1380 est;
333 1332 450 1384 quod,
481 1344 571 1371 cum
593 1332 760 1371 incertus
779 1345 914 1381 essem,
947 1334 1015 1372 ubi
1033 1347 1144 1378 esses,
1164 1334 1344 1372 nolebam

217 1387 331 1425 illum
350 1395 525 1424 nostrum
543 1385 772 1424 familiarem
793 1399 1007 1426 sermonem
1029 1387 1071 1426 in
1099 1387 1242 1426 alienas
1259 1400 1343 1425 ma-

214 1453 288 1480 nus
307 1440 495 1479 devenire.

270 1495 389 1546 Signa
421 1493 632 1545 Megarica,
665 1500 702 1532 et
735 1494 916 1543 Hermas,
950 1495 999 1534 de
1030 1495 1172 1547 quibus
1201 1495 1251 1534 ad
1277 1508 1342 1534 me

214 1547 408 1600 scripsisti,
442 1547 686 1586 vehementer
716 1558 903 1600 exspecto.
933 1549 1138 1601 Quidquid
1168 1549 1340 1599 ejusdem

211 1603 360 1654 generis
382 1602 557 1649 habebis,
583 1601 747 1653 dignum
772 1603 987 1642 Academia
1012 1604 1083 1642 tibi
1105 1603 1209 1656 quod
1234 1603 1340 1642 vide-

210 1658 329 1705 bitur,
350 1669 398 1694 ne
417 1655 604 1695 dubitaris
622 1656 798 1702 mittere3
829 1665 865 1695 et
884 1670 980 1696 arcae
993 1665 1132 1697 nostrae
1146 1657 1337 1698 confidito.

212 1712 347 1750 Genus
358 1711 430 1749 hoc
442 1718 498 1749 est
510 1710 718 1762 voluptatis
730 1724 851 1749 meae.
842 1725 852 1734 ·
883 1725 970 1763 quae
985 1711 1213 1761 γυμνασιωὸη
1227 1725 1338 1750 max-

209 1766 286 1804 ime
305 1773 408 1812 sunt,
430 1778 474 1804 ea
492 1777 634 1816 quaer0.
664 1765 857 1803 Lentulus
878 1777 994 1804 naves
1014 1779 1102 1804 suas
1124 1765 1338 1817 pollicetur.

208 1821 306 1859 Peto
321 1822 388 1858 abs
402 1827 454 1867 te,
474 1828 519 1857 ut
537 1819 620 1857 haec
634 1832 741 1858 cures
753 1819 966 1870 diligenter.
999 1819 1150 1859 Chilius
1164 1827 1202 1858 te
1211 1830 1334 1873 rogat,

208 1882 245 1912 et
263 1887 334 1926 ego
352 1874 435 1923 ejus
452 1880 604 1925 rogatu,
634 1872 865 1922 Ευμολπιδων
885 1890 1036 1926 πατρια.

423 2035 537 2084 (10.)
567 2033 781 2074 CICERO
808 2035 1028 2075 ATTICO
1058 2036 1099 2075 S.

255 2143 358 2182 Cum
385 2156 504 2181 essem
526 2143 566 2181 in
587 2143 823 2191 Tusculano,
851 2144 940 2187 (erit
966 2144 1040 2182 hoc
1065 2143 1136 2182 tibi
1167 2158 1238 2196 pro
1261 2145 1329 2183 illo

200 2208 282 2244 tuo,
313 2201 342 2220 ‘⁶
360 2197 463 2235 Cum
484 2210 605 2235 essem
625 2198 664 2235 in
685 2197 932 2247 Ceramico”)
953 2206 1218 2237 verumtamen
1238 2212 1327 2238 cum

198 2254 252 2293 ibi
272 2264 408 2298 essem,
431 2252 559 2290 Roma
580 2265 689 2303 puer,
706 2265 728 2290 a
740 2265 864 2291 sorore
879 2251 946 2291 tua
957 2252 1111 2299 missus,
1128 2253 1328 2305 epistolam
