1513 2382
354 86 439 125 AD
459 86 755 127 DIVERSOS.
785 87 885 126 Lm.
908 84 1032 125 XIII.
1062 86 1128 125 54.
1247 86 1298 123 45

181 192 285 231 enim
321 195 388 233 abs
418 201 456 233 te
484 207 674 246 unquam,
707 194 811 246 quod
843 194 892 232 sit
920 194 1089 233 alienum
1126 192 1202 232 tuis
1234 199 1301 230 aut

181 247 296 285 etiam
315 247 394 286 suis
411 249 597 297 moribus,
616 248 836 300 postulabit.
867 248 1064 299 Praecipue
1082 255 1211 286 autem
1230 246 1301 284 tibi

182 301 407 339 commendo
425 302 578 353 negotia
599 303 695 351 ejus,
724 315 812 353 quae
839 309 931 340 sunt
956 301 997 339 in
1017 301 1297 351 Hellespont03

180 354 365 405 primum,
396 363 440 393 ut
458 355 627 394 obtineat
644 355 685 393 id
705 355 805 405 juris
823 355 862 393 in
882 355 993 406 agris,
1013 355 1118 406 quod
1137 354 1171 392 ei
1190 353 1299 391 Pari-

181 420 254 446 ana
268 408 398 447 civitas
412 408 575 447 decrevit
594 417 631 447 et
649 409 767 456 dedit,
789 415 827 447 et
845 409 949 460 quod
967 421 1114 459 semper
1133 406 1299 445 obtinuit

179 461 261 499 sine
283 461 366 499 ulla
393 462 667 501 controversia:
696 462 846 510 deinde,
868 462 900 500 si
921 462 1014 513 quid
1032 461 1190 499 habebit
1207 473 1298 498 cum

178 515 309 566 aliquo
325 515 589 567 Hellespontio
600 516 874 564 controversiae,
888 523 933 553 ut
950 516 1113 553 infflam
1128 514 1297 557 διοικησιν

178 569 335 618 rejicias.
362 569 441 608 Sed
458 583 535 608 non
554 569 652 608 mihi
666 569 808 616 videor,
829 582 919 608 cum
938 569 1009 608 tibi
1027 577 1152 607 totum
1169 567 1296 605 homi,-

175 633 264 660 nem
278 623 565 674 diligentissime
579 623 893 671 commendarim,
910 623 1078 674 singulas
1091 622 1139 660 ad
1158 629 1195 659 te
1214 622 1296 670 ejus

176 688 307 714 causas
320 677 547 727 perscribere
561 678 708 716 debere.
738 678 902 716 Summa
914 677 981 714 illa
1000 677 1048 715 sit
1064 690 1074 714 z
1105 674 1295 727 quidquid

177 730 304 778 officii,
326 731 512 780 beneficii,
535 731 704 777 honoris,
733 731 774 768 in
802 730 1050 769 Genucilium
1075 728 1291 775 contuleris,

177 782 218 821 id
237 791 274 822 te
292 784 516 822 existimabo
541 785 582 823 in
600 797 664 823 me
693 785 822 836 ipsum
847 792 962 836 atque
986 784 1028 822 in
1054 795 1137 822 rem
1165 794 1293 821 meam

176 838 392 876 contulisse.
422 838 533 877 Vale.

230 998 345 1051 (54.)
376 1000 437 1039 M.
451 1000 501 1040 T.
519 1000 566 1042 c.
595 1000 861 1050 THERMO,
894 999 1095 1041 PROPR.
1126 999 1164 1038 s.
1180 998 1235 1036 D.

241 1108 631 1159 (Argumentum—
645 1110 796 1148 Gratias
828 1109 921 1160 agit,
946 1108 1050 1161 quod
1084 1106 1290 1145 liberaliter

171 1163 366 1266 ἓῖεῐέιέῗῗῐ
390 1163 639 1203 Marcilium:
670 1164 806 1202 deinde
836 1163 946 1215 petit,
976 1175 1026 1200 ne
1055 1173 1181 1201 socrus
1206 1161 1289 1210 ejus

226 1323 330 1363 Cum
356 1324 480 1362 multa
510 1324 609 1362 mihi
635 1332 743 1375 grata
770 1332 873 1371 sunt,
903 1337 991 1376 quae
1017 1330 1074 1371 tu,
1103 1321 1289 1361 adductus

169 1378 257 1416 mea
285 1377 636 1439 commendatione,
654 1378 799 1424 fecisti;
828 1385 912 1416 tum
941 1378 981 1415 in
1006 1376 1154 1428 primis,
1186 1375 1291 1427 quod

171 1432 234 1470 Μ.
257 1432 495 1479 Marcilium,
525 1431 639 1470 amici
667 1439 782 1483 atque
806 1431 1020 1492 interpretis
1042 1430 1120 1468 mei
1147 1429 1287 1475 filium,

171 1486 433 1524 liberalissime
452 1485 668 1524 tractavisti.
716 1485 829 1523 Venit
856 1486 959 1523 enim
985 1484 1230 1530 Laodiceam,
1251 1490 1288 1521 et

171 1539 242 1577 tibi
261 1540 364 1590 apud
391 1552 468 1585 me,
494 1539 668 1590 mihique
689 1547 843 1590 propter
861 1547 912 1587 te,
932 1539 1072 1589 gratias
1097 1536 1287 1575 maximas

170 1593 260 1644 egit.
289 1593 434 1640 Quare,
449 1593 553 1644 quod
567 1593 759 1644 reliquum
778 1600 848 1640 est,
869 1606 893 1630 a
910 1600 947 1630 te
963 1600 1065 1644 peto,
1080 1603 1170 1630 cum
1183 1590 1288 1641 apud

170 1654 296 1697 gratos
314 1647 487 1684 homines
505 1647 732 1685 beneficium
750 1647 874 1697 ponis,
895 1654 940 1684 ut
959 1659 1002 1684 eo
1028 1644 1208 1683 libentius
1227 1644 1287 1682 his

169 1700 399 1747 commodes,
416 1713 647 1752 operamque
660 1701 725 1738 des
743 1700 889 1751 (quoad
903 1699 996 1737 fides
1007 1706 1074 1737 tua
1084 1696 1286 1750 patietur),

170 1762 215 1792 ut
242 1767 370 1792 socrus
403 1754 647 1796 adolescentis
665 1768 729 1792 rea
747 1767 794 1792 ne
817 1754 895 1791 fiat.
937 1753 1024 1804 Ego
1057 1765 1145 1791 cum
1176 1758 1287 1789 antea

170 1808 336 1846 studiose
355 1808 670 1846 commendabam
685 1807 925 1853 Marcilium,
946 1814 1030 1844 tum
1048 1805 1173 1844 multo
1183 1817 1286 1843 nunc

170 1862 388 1909 studiosius,
413 1861 517 1912 quod
535 1861 575 1899 in
593 1862 710 1912 longa
737 1861 972 1912 apparitione
997 1860 1227 1911 singularem
1248 1868 1286 1896 et

170 1929 288 1967 prope
306 1915 566 1954 incredibilem
594 1916 712 1967 patris
738 1914 908 1953 Marcilii
934 1914 1065 1963 fidem,
1093 1913 1286 1955 abstineu-

170 1970 278 2019 tiam,
296 1969 613 2022 modestiamque,
633 1969 804 2022 cognovi.
832 1968 944 2021 Vale.
