1513 2382
333 71 416 111 AD
443 71 733 112 ATTICUM.
765 73 865 112 Lm.
897 74 947 113 V.
977 76 1014 112 2.
1155 76 1230 121 271

115 182 267 229 ciscare,
298 178 480 219 mandata
510 188 638 219 nostra
666 179 868 220 exhaurias
884 195 897 226 3
928 181 1066 226 scribas
1094 183 1143 220 ad
1173 195 1238 222 me

116 235 274 281 omnia3
304 235 532 273 Pomtinum
562 234 769 279 extrudas;
804 248 893 273 011111
923 236 1115 286 profectus
1149 237 1235 285 eris,

116 301 237 336 cures,
249 296 294 327 ut
305 289 434 327 sciam.
465 288 529 327 Sic
541 289 695 336 habeas,
711 288 809 327 nihil
825 288 1077 341 (mehercule)
1093 297 1128 328 te
1141 291 1238 329 mihi

117 355 188 381 nec
205 355 327 381 mnus
345 355 439 389 esse,
459 354 529 381 nec
547 356 712 381 suavius.

168 396 222 435 A.
257 396 502 447 Torquatum
538 396 799 435 amantissime
839 396 967 435 dimisi
1003 397 1236 446 Minturnis,

116 450 308 502 optimum
327 450 452 488 virum
468 464 478 488 :
510 450 586 497 cui,
607 463 670 489 me
682 450 731 489 ad
750 458 786 489 te
805 451 994 502 scripfflsse
1013 452 1175 504 aliquid,
1195 453 1235 490 in

115 516 287 544 sermone
305 504 506 556 significes,
526 504 653 543 velim.
1027 540 1046 560 s

346 666 437 720 (2.)
467 666 680 708 CICERO
707 667 931 708 ATTICO
961 669 1001 707 S.

168 774 222 815 A.
236 775 276 814 d.
302 775 366 815 VI
386 776 446 815 Id.
472 776 615 823 Maias,
635 788 725 814 cum
751 775 821 815 has
846 776 987 815 dabam
1011 777 1153 825 literas,
1184 792 1232 818 ex

115 830 350 882 Pompeiano
367 830 642 882 proficiscebar,
658 838 703 868 ut
722 843 765 868 eo
784 830 845 868 die
862 843 1057 869 manerem
1075 832 1117 869 in
1136 833 1234 871 Tre-

114 884 256 922 bulano
274 884 378 935 apud
396 883 595 923 Pontium.
624 883 777 922 Deinde
802 884 1031 935 cogitabam,
1052 885 1132 924 sine
1150 886 1233 925 ulla

112 936 233 986 mora,
249 939 354 987 justa
380 938 516 976 itinera
538 938 670 976 faeere.
702 938 752 976 In
783 937 960 976 Cumano
985 952 1075 977 cum
1097 953 1231 988 essem,

112 991 216 1030 venit
233 991 283 1030 ad
300 1004 364 1030 me
383 991 504 1044 (quod
517 992 614 1030 mihi
628 998 850 1043 pergratum
868 991 963 1042 fujt)
983 1001 1110 1031 noster
1128 993 1234 1032 Hor-

112 1045 283 1085 tensius·
314 1046 390 1094 cui,
422 1045 638 1097 deposcenti
660 1058 748 1083 mea
775 1045 971 1094 mandata,
992 1055 1126 1085 caetera
1146 1048 1232 1085 uni-

110 1112 216 1139 verse
244 1099 450 1145 mandavi3
481 1099 580 1137 illud
598 1099 764 1151 proprie,
794 1112 843 1137 ne
867 1107 1060 1162 pateretur
1080 1103 1232 1162 (quan-

110 1161 196 1192 tum
223 1160 321 1192 esset
347 1153 389 1191 in
420 1151 522 1204 ipso)
559 1153 755 1204 prorogari
784 1154 894 1192 nobis
920 1155 1158 1205 provincias:
1188 1155 1230 1193 in

108 1221 187 1259 quo
205 1220 294 1246 eum
313 1214 357 1245 tu
375 1207 491 1246 velim
511 1208 724 1256 confirmes,
739 1215 970 1258 gratumque
983 1209 1082 1246 1111111
1099 1209 1231 1248 fecisse

107 1262 223 1309 dioes,
233 1261 349 1323 ‘quod
367 1268 404 1300 et
422 1261 567 1300 venerit
585 1261 634 1300 ad
651 1274 729 1309 me,
750 1269 787 1299 et
805 1261 877 1300 hoc
894 1262 1006 1311 1111111,
1027 1272 1229 1314 praeterea-

107 1329 184 1368 que
213 1315 245 1354 51
274 1315 369 1367 quid
392 1328 490 1367 opus
521 1323 630 1362 esset,
661 1315 889 1366 promiserit.
920 1316 1157 1354 Confirmavi
1179 1317 1228 1355 ad

107 1383 193 1408 eam
225 1382 381 1408 causam
413 1370 528 1408 etiam
560 1370 752 1408 Furnium
785 1378 986 1417 nostrum3
1029 1383 1147 1423 quem
1178 1371 1228 1410 ad

106 1435 254 1462 annum
271 1423 471 1462 tribunum
490 1424 613 1475 plebis
631 1423 808 1462 videbam
826 1423 918 1462 fore.

160 1478 416 1516 Habuimus'
406 1491 447 1516 111
478 1479 656 1516 Cumano
681 1477 792 1529 quasi
815 1478 997 1529 pusillam
1027 1479 1223 1517 Romam·
1212 1494 1224 1517 z

105 1539 213 1570 tanta
229 1539 309 1571 erat
326 1532 367 1569 in
378 1532 438 1570 his
455 1532 547 1570 10015
565 1531 774 1570 multitudo
789 1545 799 1568 z
826 1544 916 1570 cum
934 1532 1088 1570 interim
1107 1533 1227 1571 Rufio

104 1593 245 1634 noster,
265 1585 370 1637 quod
388 1599 427 1624 se
456 1599 480 1624 a
497 1586 673 1625 Vestorio
691 1585 882 1624 observari
907 1586 1072 1634 videbat,
1094 1594 1227 1625 strate-

106 1649 257 1691 gemate
274 1639 472 1678 hominem
501 1640 683 1691 percussit
699 1653 709 1676 :
740 1651 833 1676 nam
852 1639 902 1677 ad
918 1652 982 1678 me
1007 1652 1084 1678 non
1103 1653 1227 1680 acces-

105 1693 166 1732 sit.
195 1694 308 1732 Itane
323 1696 341 1733 Ρ
370 1706 460 1732 011111
480 1693 710 1732 Hortensius
734 1693 892 1740 veniret,
914 1701 951 1732 et
967 1693 1158 1742 infirmus,
1185 1703 1224 1734 et

106 1754 189 1786 tam
220 1748 348 1799 longe,
382 1757 419 1786 et
448 1747 694 1794 Hortensius,
726 1759 815 1785 cum
839 1747 1014 1786 maxima
1043 1755 1227 1799 praeterea

103 1801 328 1851 multitudo,
347 1802 414 1840 ille
441 1814 519 1840 non
544 1801 676 1840 venit?
704 1801 746 1839 N
748 1813 812 1849 on,
833 1800 1009 1852 inquam.
1039 1802 1134 1840 Non
1167 1803 1226 1841 vi-

104 1855 194 1894 disti
206 1855 326 1907 igitur
335 1855 547 1903 hominem,
563 1855 714 1908 inquies
729 1855 747 1891 ?
765 1854 849 1902 Qui
863 1855 973 1906 potui
987 1867 1065 1894 non
1079 1855 1221 1906 videre,

103 1922 194 1949 cum
211 1923 280 1962 per
298 1909 514 1962 emporium
538 1909 839 1948 Puteolanorum
860 1909 932 1947 iter
955 1909 1119 1948 facerem
1133 1912 1151 1949 ?
1179 1910 1221 1949 in

105 1976 183 2016 quo
200 1965 329 2012 illum,
348 1972 525 2016 agentem
544 1963 706 2015 aliquid,
727 1962 851 2010 credo,
872 1963 1061 2009 salutavi;
1089 1972 1221 2015 postea

100 2019 182 2068 jam
195 2019 291 2068 jussi
301 2019 439 2066 valere,
455 2031 545 2056 cum
559 2031 636 2064 me,
648 2016 860 2068 [spectans]
871 2030 891 2055 0
901 2018 971 2056 sua
982 2017 1088 2065 villa,
1104 2030 1221 2056 num.

101 2072 198 2124 quid
226 2072 378 2121 vellem,
407 2071 586 2123 rogasset.
617 2071 737 2109 Hunc
754 2070 951 2109 hominem
975 2084 1114 2123 parum
1133 2085 1220 2123 gra-

103 2134 186 2165 tum
212 2126 416 2179 quisquam
439 2133 548 2178 putet
565 2128 583 2164 ‚⁹
613 2132 679 2164 aut
707 2137 784 2164 non
808 2125 848 2164 in
870 2138 914 2164 eo
943 2126 1027 2178 ipso
1055 2126 1216 2164 laudan-
