1513 2382
430 474 500 521 M.
534 473 757 521 TULLII
793 472 1143 524 CICERONIS

508 603 1070 658 EPISTULARUM
1136 651 1140 654 .

583 740 666 780 AD
694 740 977 782 DIVERsos
1016 727 1024 732 ’

651 859 804 900 LIBER
830 861 927 902 XV.

713 1012 862 1042 -φ-

231 1144 317 1189 (1.)
361 1141 422 1180 Μ.
453 1142 715 1190 TULLIUS,
756 1143 820 1182 M.
841 1142 889 1181 F.
939 1140 1165 1189 CICERO,
1204 1138 1340 1179 PRO-

285 1195 443 1235 CONS.
487 1197 525 1234 S.
543 1196 589 1233 P.
606 1196 658 1233 D.
695 1196 838 1237 Coss.
879 1194 1100 1235 PRAETT.
1146 1194 1338 1234 TRIBB.

285 1249 370 1287 PL.
401 1248 669 1288 SENATUI.

285 1351 606 1402 (Argumentum.
626 1375 674 1382 -
698 1353 761 1393 De
778 1355 880 1394 bello
899 1353 1079 1393 Parthico
1097 1365 1184 1406 quae
1206 1362 1344 1403 cogno-

229 1412 348 1452 verat,
368 1405 417 1444 ad
435 1415 609 1446 senatum
626 1409 821 1459 perscribit
839 1422 887 1447 ex
904 1407 1109 1460 provincia.
1100 1407 1130 1457 .)

283 1512 324 1551 Si
353 1526 418 1551 vos
450 1513 502 1552 V.
526 1514 574 1552 B.
596 1513 645 1552 Ε.
670 1515 720 1553 Ε.
747 1515 799 1563 Q.
821 1515 875 1554 V.
899 1513 985 1554 Etsi
1010 1526 1087 1552 non
1112 1512 1227 1552 dubie
1244 1510 1342 1550 1111111

228 1566 490 1615 nuntiabatur,
520 1568 680 1606 Parthos
708 1569 886 1607 transisse
907 1568 1133 1619 Euphraten
1153 1579 1242 1605 cum
1261 1578 1345 1604 om-

228 1619 341 1657 nibus
361 1619 437 1658 sere
456 1621 532 1659 suis
551 1622 696 1672 copiis;
725 1629 854 1660 tamen
870 1622 990 1673 (quod
1005 1621 1229 1668 arbitrabar,
1245 1633 1268 1657 a
1280 1617 1343 1656 Μ.

230 1672 374 1711 Bibulo
392 1675 616 1724 proconsule
634 1675 789 1713 certiora
807 1675 854 1714 de
871 1675 930 1713 his
951 1676 1064 1713 rebus
1083 1674 1132 1712 ad
1149 1686 1215 1712 vos
1233 1671 1346 1711 scribi

228 1734 355 1776 posse)
376 1729 589 1765 statuebam
607 1728 704 1766 mihi
724 1741 800 1767 non
822 1741 971 1767 necesse
989 1740 1068 1766 esse
1085 1727 1236 1778 publice
1257 1724 1347 1764 scri-

229 1779 318 1817 bere
336 1792 379 1817 ea
397 1793 483 1832 quae
498 1781 544 1818 de
557 1781 710 1819 alterius
721 1782 915 1833 provincia
926 1781 1203 1819 nuntiarentur.
1234 1779 1348 1817 Post-

231 1844 276 1869 ea
303 1845 391 1870 vero
424 1847 541 1884 quam
572 1835 786 1873 certissimis
810 1835 1038 1882 auctoribus,
1068 1833 1216 1884 legatis,
1247 1843 1348 1869 nun·

229 1885 306 1933 tiis,
326 1885 457 1934 literis,
484 1900 570 1924 sum
600 1888 734 1926 certior
760 1888 907 1933 factus;
937 1887 998 1926 vel
1027 1887 1130 1938 quod
1154 1892 1261 1923 tanta
1285 1897 1345 1922 res

229 1946 322 1985 erat,
362 1938 422 1976 vel
459 1940 562 1990 quod
599 1941 771 1979 nondum
809 1941 1050 1980 audieramus
1081 1938 1271 1978 Bibulum
1299 1937 1342 1975 in

230 1991 382 2042 Syriam
411 1993 568 2041 venisse,
594 1994 655 2032 vel
685 1995 776 2046 quia
804 1993 1081 2033 administratio
1112 1992 1229 2041 hujus
1252 1990 1344 2029 belli

229 2044 327 2082 1111111
356 2058 446 2084 cum
464 2046 609 2085 Bibulo
633 2059 742 2098 paene
759 2054 815 2086 est
832 2046 1073 2092 communis3
1103 2058 1190 2097 quae
1207 2043 1257 2083 ad
1281 2056 1344 2083 me

229 2097 355 2137 delata
373 2105 510 2147 essent,
530 2099 727 2139 scribenda
742 2101 792 2139 ad
811 2113 878 2140 vos
896 2099 1043 2152 putavi,

284 2151 404 2202 Regis
435 2152 620 2191 Antiochi
658 2153 909 2205 Commageni
945 2153 1061 2204 legati
1095 2150 1211 2204 primi
1247 2150 1345 2189 mihi

223 2204 466 2254 nuntiarunt,
498 2206 730 2246 Parthorum
762 2219 922 2259 magnas
955 2206 1080 2258 copias
1114 2204 1340 2257 Euphraten
