1513 2382
215 100 294 139 206
412 101 494 142 AD
522 101 808 143 ATTICUM.
842 104 942 142 Lm.
973 103 1032 141 ΙΙ.
1061 104 1126 142 22.

215 208 340 248 multa
367 221 456 247 cum
485 210 766 249 seditiosissime
794 211 945 259 diceret,
964 222 1095 249 vocem
1114 209 1326 261 exprimere

215 273 294 299 non
307 263 443 313 potuit.
473 264 581 311 Quid
593 265 730 316 quaeris
745 268 762 304 Ρ
783 265 965 312 sentiunt,
985 277 1024 302 se
1041 264 1190 301 nullam
1208 262 1326 300 ullius

216 316 335 366 partis
353 317 588 356 voluntatem
609 325 733 357 tenere
750 334 760 357 ι
791 331 834 358 eo
851 318 974 369 magis
997 318 1054 356 vis
1080 317 1188 356 nobis
1206 323 1263 356 est
1278 315 1327 354 ti-

217 369 369 407 menda.

273 422 432 462 Clodius
450 424 626 463 inimicus
646 432 701 464 est
726 426 848 465 nobis.
890 426 1098 477 Pompeius
1116 423 1328 470 confirmat,

217 489 309 514 eum
326 478 423 516 nihil
442 491 520 516 esse
539 479 728 517 facturum
749 488 878 518 contra
894 492 968 517 me.
1009 479 1114 517 Mihi
1143 476 1330 530 periculo-

219 543 307 568 sum
326 537 381 568 est
408 531 578 570 credere:
609 533 658 570 ad
687 533 935 571 resistendum
952 545 1023 571 me
1051 545 1154 584 paro.
1195 530 1330 569 Studia

218 596 327 634 spero
345 597 409 622 me
427 598 578 623 summa
595 586 818 624 habiturum
841 586 1014 624 omnium
1039 586 1229 625 ordinum.
1270 583 1331 621 Te

219 649 309 675 cum
328 650 398 687 ego
417 638 601 687 desidero,
621 647 707 677 tum
725 653 812 678 vero
830 653 888 677 res
913 652 956 677 ac
973 647 1125 690 tempus
1148 638 1247 676 illud
1265 650 1330 676 vo-

218 698 291 728 cat.
340 692 561 730 Plurimum
598 693 756 740 consilii,
795 692 928 738 animi,
964 692 1131 744 praesidii
1166 691 1330 742 denique

218 744 329 790 mihi,
351 744 381 782 si
400 752 437 783 te
456 745 505 782 ad
523 753 673 797 tempus
692 747 834 794 videro,
854 746 1058 785 accesserit.
1094 746 1218 784 Varro
1235 743 1332 782 mihi

217 797 410 836 satisfacit.
452 799 661 851 Pompeius
689 801 860 851 loquitur
890 799 1082 838 divinitus.
1122 800 1241 849 Spero
1265 809 1334 835 nos

219 858 286 888 aut
298 859 395 889 certe
413 865 501 890 cum
521 854 675 891 summa
693 854 827 904 gloria,
848 861 915 891 aut
929 853 1008 892 sine
1018 852 1192 891 molestia
1203 851 1331 896 etiam,

222 903 458 943 discessuros.
501 906 568 943 Tu
596 907 690 957 quid
717 919 820 958 agaS‚
850 907 1176 957 quemadmodum
1199 912 1237 943 te
1264 905 1333 943 ob-

219 958 347 1006 lectes,
368 959 462 1010 quid
476 972 566 998 cum
585 960 770 1012 Sicyoniis
785 961 917 1011 egeris,
937 967 981 998 ut
996 961 1127 1008 sciam,
1147 971 1249 998 cura.

443 1066 558 1118 (22.)
589 1066 800 1106 CICERO
826 1066 1043 1106 ATTICO
1071 1066 1112 1106 s.

273 1172 405 1220 Quam
424 1173 561 1211 vellem
576 1174 713 1212 Romae
729 1175 738 1212 !
770 1174 978 1213 Mansissffi
1003 1173 1182 1225 profecto,
1202 1173 1234 1211 si
1251 1173 1333 1212 haec

218 1225 298 1263 fore
310 1227 552 1277 putassemus
570 1241 580 1265 τ
600 1239 692 1265 nam
707 1227 951 1265 Pulchellum
966 1235 1139 1265 nostrum
1152 1226 1332 1265 facillime

219 1286 458 1318 teneremus:
488 1291 555 1318 aut
573 1289 683 1327 certe,
705 1281 798 1332 quid
817 1289 911 1319 esset
928 1281 1109 1327 facturus,
1130 1280 1222 1318 scire
1246 1292 1332 1331 pos-

219 1345 357 1370 semus.
399 1334 441 1371 N
443 1346 517 1372 unc
536 1347 575 1372 se
599 1347 658 1372 res
677 1334 728 1372 sic
745 1335 886 1372 habet:
917 1335 1062 1381 volitat,
1088 1333 1206 1379 furit;
1235 1333 1333 1371 nihil

218 1385 334 1424 habet
352 1387 466 1432 certi;
497 1387 629 1425 multis
654 1388 876 1433 denuntiat3
906 1388 1009 1440 quod
1035 1388 1112 1426 fors
1138 1387 1331 1435 obtulerit,

216 1439 258 1476 id
276 1447 428 1478 acturus
447 1440 606 1479 videtur.
636 1441 738 1479 Cum
757 1441 872 1488 videt,
892 1455 971 1493 quo
988 1442 1035 1480 sit
1053 1442 1093 1479 in
1111 1440 1198 1479 odio
1212 1448 1332 1478 status

218 1492 281 1531 hic
294 1506 436 1540 rerum,
452 1494 492 1531 in
507 1507 582 1541 eos,
598 1495 665 1546 qui
678 1495 760 1533 haec
773 1503 944 1545 egerunt,
959 1496 1147 1546 impetum
1160 1495 1331 1532 facturus

219 1546 380 1585 videtur.
422 1547 526 1587 Cum
554 1556 683 1587 autem
711 1561 841 1587 rursus
860 1562 949 1600 opes
977 1557 1014 1587 et
1038 1548 1118 1586 vim
1146 1548 1330 1587 exercitus

216 1601 446 1649 recordatur,
479 1603 661 1640 convertit
691 1616 729 1640 se
756 1603 796 1640 in
823 1615 915 1641 nos:
945 1602 1055 1641 nobis
1083 1609 1213 1640 autem
1240 1600 1332 1653 ipsis

218 1666 308 1692 cum
323 1655 416 1701 vim,
437 1662 522 1693 tum
538 1655 741 1703 judicium,
757 1656 938 1694 minatur.

273 1707 376 1746 Cum
400 1709 473 1747 hoc
491 1709 700 1760 Pompeius
715 1710 805 1760 egit,
832 1717 882 1757 et,
902 1717 947 1748 ut
960 1709 1010 1748 ad
1025 1722 1088 1747 me
1101 1709 1181 1760 ipse
1193 1708 1330 1747 refere-

216 1762 296 1808 bat,
315 1762 453 1813 (alium
469 1763 571 1800 enim
584 1763 705 1801 habeo
718 1763 912 1801 neminem
925 1770 1075 1810 testem)
1090 1763 1331 1801 vehementer

218 1815 309 1864 egit,
329 1822 418 1854 cum
445 1816 597 1864 diceret,
626 1817 667 1854 in
694 1818 848 1855 summa
866 1830 905 1855 se
931 1817 1099 1868 perfidiae
1117 1823 1155 1854 et
1183 1815 1330 1854 sceleris

215 1867 376 1906 infamia
394 1869 487 1916 fore,
503 1870 534 1908 si
552 1870 648 1908 mihi
665 1871 878 1921 periculum
893 1878 1080 1909 crearetur
1093 1872 1141 1908 ab
1156 1882 1199 1908 eo
1213 1882 1330 1921 quem

216 1920 298 1971 ipse
315 1921 509 1971 armasset,
526 1936 613 1962 cum
634 1925 828 1975 plebeium
846 1924 927 1962 fieri
953 1937 1087 1976 passus
1114 1930 1234 1961 esset:
1264 1922 1330 1960 sed

217 1974 333 2013 fidem
365 1977 546 2028 recepisse
571 1978 642 2016 sibi
674 1985 711 2016 et
742 1978 870 2029 ipsum
903 1985 940 2016 et
957 1977 1136 2029 Appium
1163 1976 1210 2014 de
1237 1988 1301 2014 me
1314 1989 1326 2013 z

217 2027 316 2066 hanc
334 2031 365 2067 si
383 2030 447 2068 ille
465 2043 543 2069 non
561 2039 736 2079 servaret,
765 2032 819 2069 ita
844 2032 1029 2078 laturum,
1058 2039 1103 2068 ut
1119 2042 1251 2069 omnes
1269 2030 1329 2067 in-

218 2081 443 2132 telligerent,
459 2084 557 2122 nihil
575 2085 647 2123 sibi
660 2084 854 2137 antiquius
873 2084 1040 2123 amiciti&⁴
1053 2084 1182 2122 nostra
1199 2083 1327 2121 fuisse.

219 2133 330 2183 Haec,
346 2144 382 2174 et
395 2137 436 2175 in
450 2151 535 2176 eam
550 2139 774 2177 sententiam
788 2151 877 2178 cum
889 2139 1014 2177 multa
1026 2137 1196 2185 dixisset,
1208 2137 1331 2176 aiebat
