1513 2382
229 73 308 117 276
448 73 528 112 AD
558 72 840 113 ATTICUM.
871 73 970 112 LIB-
999 74 1051 113 V.
1081 76 1117 113 8.

230 179 330 218 sium
349 193 383 218 a.
399 180 437 219 d.
453 181 567 220 XIII
585 180 669 222 Cal.
684 181 714 221 J
716 181 838 220 unias.
869 180 1005 221 Civem
1021 181 1134 220 illum
1146 181 1340 232 egregium

228 234 504 285 relinquebam,
525 243 562 273 et
581 236 629 274 ad
647 236 741 280 haec,
761 248 848 286 quae
866 235 1063 284 timentur,
1082 235 1338 286 propulsanda

227 287 523 337 paratissimum.
552 289 659 328 Tuas
670 290 798 328 literas
816 291 1054 341 exspectabo,
1074 301 1163 328 cum
1177 295 1234 336 ut,
1246 287 1340 340 quid

229 353 332 391 agas,
354 349 439 379 tum
456 350 513 391 ut,
534 343 602 381 ubi
621 344 684 392 sis,
705 343 834 382 sciam.

462 504 550 556 (3.)
582 503 798 544 CICERO
826 504 1050 545 ATTICO
1079 505 1118 543 s,

287 611 358 650 Me
378 618 413 649 et
431 612 675 650 incommoda
692 611 868 651 valetudo
890 612 987 664 (qua
1002 613 1084 662 jam
1103 623 1341 658 emerseram,

232 673 364 716 utpote
390 678 479 703 cum
510 665 588 703 sine
613 666 710 703 febri
741 666 1004 713 laborassem),
1028 672 1065 703 et
1091 665 1260 703 Pomtini
1278 678 1345 703 ex-

233 718 426 770 spectatio,
448 719 495 756 de
528 732 604 770 quo
624 719 749 757 adhuc
776 732 824 757 ne
841 733 972 758 rumor
990 719 1144 770 quidem
1176 725 1342 767 venerat,

233 774 385 810 tenebat
404 772 673 810 duodecimum
695 774 778 822 jam
797 773 900 812 diem
925 772 1135 812 Brundisii.
1163 772 1239 812 Sed
1256 785 1341 811 cur-

232 838 320 864 sum
340 828 664 886 exspectabamus.

287 878 354 916 Tu
387 880 418 916 si
440 879 556 918 modo
584 893 622 918 es
649 881 803 928 Romae,
835 880 920 932 (vix
948 879 1050 918 enim
1072 877 1185 931 puto)
1216 878 1273 918 sin
1292 892 1347 926 es,

233 931 306 971 hoc
324 933 565 971 vehementer
580 934 872 983 animadvertas,
891 933 1020 972 velim.
1048 933 1177 971 Roma
1194 946 1347 996 accepe-

233 998 318 1024 ram
343 986 485 1033 literas,
516 987 709 1025 Milonem
736 1000 869 1026 meum
888 987 996 1039 queri
1013 999 1081 1038 per
1101 987 1255 1025 literas'
1244 988 1348 1037 mju-

235 1040 333 1077 riam
351 1052 491 1087 meam,
521 1041 626 1092 quod
646 1041 879 1079 Philotimus
906 1041 1027 1079 socius
1049 1047 1144 1078 esset
1171 1040 1212 1078 in
1237 1040 1347 1079 bonis

234 1093 324 1131 suis.
355 1092 404 1131 Id
422 1106 492 1144 ego
518 1094 572 1132 ita
589 1095 670 1132 fieri
689 1094 792 1133 volui
811 1094 858 1133 de
879 1093 926 1134 C.
946 1094 1113 1132 Duronii
1132 1092 1344 1139 sententia;

235 1159 353 1198 quern
372 1154 409 1185 et
426 1147 700 1186 amicissimum
716 1148 858 1186 Miloni
874 1160 1155 1213 perspexeram,
1175 1154 1215 1186 et
1231 1148 1347 1186 talem

236 1200 377 1247 virum,
411 1201 565 1252 qualem
594 1208 638 1239 tu
665 1201 825 1251 judicas,
854 1203 1077 1262 cognoram.-
1097 1201 1196 1250 Ejus
1220 1208 1349 1239 autem

236 1254 451 1300 consilium,
482 1267 704 1306 meumque,
735 1255 807 1294 hoc
837 1254 990 1300 fuerat,
1019 1254 1205 1305 primum,
1237 1261 1282 1292 ut
1310 1254 1351 1293 in

236 1314 420 1358 potestate
431 1308 560 1346 nostra
569 1316 663 1346 esset
675 1321 746 1355 res,
757 1321 805 1346 ne
816 1308 928 1346 illum
938 1308 1064 1346 malus
1080 1315 1200 1346 emtor
1214 1314 1251 1346 et
1262 1307 1353 1347 alie-

238 1372 312 1398 nus
330 1360 544 1411 mancipiis,
565 1375 651 1412 quae
661 1363 853 1413 permulta
864 1374 992 1400 secum
1005 1361 1133 1407 habet,
1149 1361 1327 1412 spoliaret
1339 1376 1351 1400 ε

240 1413 390 1462 deinde,
412 1421 454 1452 ut
473 1415 640 1463 Faustae,
664 1415 727 1453 cui
746 1423 903 1454 cautum
919 1415 985 1453 ine
1009 1413 1128 1467 [esse]
1159 1414 1353 1463 voluisset,

240 1474 369 1505 ratum
398 1474 504 1506 esset.
532 1469 629 1506 Erat
654 1468 768 1506 etiam
797 1469 909 1516 illud,
940 1476 984 1506 ut
1005 1468 1078 1519 ipsi
1102 1480 1183 1516 nos,
1210 1468 1242 1506 si
1260 1469 1355 1520 quid

242 1521 382 1560 servari
409 1528 549 1572 posset,
582 1535 701 1573 quam
736 1522 917 1561 facillime
948 1534 1194 1561 servaremus.
1234 1522 1354 1561 Nunc

244 1587 326 1613 rem
339 1581 460 1613 totam
478 1575 699 1626 perspicias,
719 1576 834 1614 velim
853 1590 864 1613 ε
894 1575 1004 1614 nobis
1023 1576 1125 1613 enim
1139 1575 1356 1614 scribuntur

243 1641 344 1680 saepe
361 1630 519 1678 majora.
550 1629 639 1677 Sed,
660 1629 693 1667 si
708 1629 775 1668 ille
792 1629 977 1680 queritur,
998 1628 1029 1667 si
1047 1629 1176 1667 scribit
1193 1629 1242 1667 ad
1259 1629 1356 1667 ami-

244 1694 320 1729 cos,
341 1682 373 1720 si
390 1682 493 1721 idem
512 1682 656 1721 Fausta
684 1683 781 1730 vult,
802 1683 1035 1721 Philotimus
1064 1683 1127 1734 (ut
1145 1695 1215 1732 ego
1233 1682 1267 1721 ei
1292 1696 1356 1721 co-

244 1748 328 1773 ram
347 1735 533 1784 dixeram,
559 1736 732 1787 mihique
750 1736 815 1774 ille
839 1742 1044 1787 receperat)
1072 1749 1121 1774 ne
1146 1736 1207 1784 sit,
1237 1735 1358 1774 invito

246 1788 412 1836 Milone,
431 1789 472 1827 in
489 1789 610 1828 bonis.
640 1789 752 1827 Nihil
776 1790 884 1828 nobis
905 1789 1029 1828 fuerat
1055 1789 1163 1827 tanti.
1192 1789 1260 1827 Sin
1278 1789 1360 1828 haec

245 1841 386 1880 leviora
416 1850 518 1889 sunt,
549 1850 593 1880 tu
621 1842 820 1892 judicabis.
853 1843 1031 1894 Loquere
1054 1855 1144 1881 cum
1169 1842 1356 1882 Duronio.

247 1895 389 1946 Scripsi
417 1896 532 1935 etiam
568 1896 618 1934 ad
651 1895 877 1944 Camillum,
911 1896 960 1934 ad
989 1896 1168 1936 Lamiam
1186 1910 1198 1942 ;
1239 1908 1360 1947 eoque

247 1949 384 1999 magis,
404 1949 508 2001 quod.
525 1961 602 1987 non
621 1950 858 1988 confidebam
873 1950 1010 1987 Romae
1023 1956 1061 1987 te
1078 1962 1168 1988 esse.
1197 1950 1360 1988 Summa

249 2002 319 2093 {rit
332 2002 413 2042 haec
429 2017 440 2041 t
470 2010 624 2052 statueS,
645 2011 689 2042 ut
703 2016 751 2042 ex
771 2003 857 2051 fide,
873 2002 992 2051 fama,
1007 2015 1123 2054 reque
1135 2003 1237 2052 mea,
1257 2002 1361 2042 vide-

276 2063 365 2094 itur.
