1513 2382
311 85 395 124 AD
424 84 851 126 DIVERSOS.L1B.
882 83 1007 124 XIII.
1039 85 1090 128 79
1215 83 1268 121 63

150 194 225 239 ris3
255 199 359 245 peto,
378 201 423 231 ut
441 206 530 232 eum
556 194 821 245 complectare,
848 193 998 244 diligas,
1031 192 1070 229 in
1099 191 1174 229 tuis
1204 191 1273 228 ha-

150 249 249 285 beas.
292 247 380 285 Erit
411 247 451 285 id
479 247 578 286 mihi
609 248 796 304 majorem
826 247 868 285 in
903 247 1066 285 modum
1102 252 1269 296 gratum.

154 301 193 339 V
194 301 266 340 ale

154 459 272 511 (79.)
303 459 365 497 Μ.
381 459 427 497 Τ.
445 459 492 498 C.
519 456 795 510 ALLIENO,
825 459 1068 499 PROCOS.
1098 461 1137 499 S.
1154 459 1201 497 P.
1217 458 1272 497 D.

205 567 528 617 (Argumentum.
547 588 601 595 —
619 567 761 607 Caium
797 574 835 606 et
867 567 1051 607 Marcum
1083 567 1271 615 Avianos,

149 620 298 668 fratres,
319 621 593 668 commendat.)

204 728 259 767 Et
277 735 314 767 te
333 729 426 768 scire
447 729 622 777 arbitror,
653 730 790 781 quanti
817 729 973 769 fecerim
999 730 1044 769 C.
1070 729 1272 768 Avianum

149 783 359 829 Flaccum,
348 797 358 806 ·
389 791 427 822 et
446 796 515 834 ego
530 796 579 821 ex
597 783 680 834 ipso
699 783 908 833 audieram,
925 785 1071 836 optimo
1083 792 1120 822 et
1139 783 1275 834 gratis-

150 838 249 875 simo
278 836 448 885 homine,
473 850 593 888 quam
618 850 642 875 a
666 845 705 876 te
728 838 936 876 liberaliter
958 846 1054 877 esset
1078 844 1273 876 tractatus.

149 892 249 940 Ejus
257 890 368 938 filios,
378 891 619 941 dignissimos
629 891 696 930 1110
707 899 828 943 patre,
838 904 1021 943 meosque
1033 891 1271 952 necessarios,

150 958 247 996 quos
266 957 336 995 ego
356 945 465 983 unice
483 945 614 995 diligo,
635 946 862 983 commendo
881 945 953 984 tibi
972 946 1037 992 sic,
1067 953 1111 984 ut
1129 945 1274 993 majore

150 998 276 1037 studio
294 999 421 1036 nullos
440 999 707 1037 commendare
720 999 874 1050 possim.
905 1000 950 1038 C.
967 999 1169 1037 Avianus'
1159 1011 1200 1036 111
1213 998 1274 1036 Si-

149 1052 238 1091 cilia
256 1059 324 1090 est.
355 1052 513 1090 Marcus
532 1060 587 1090 est
604 1053 816 1091 nobiscum.
847 1053 905 1091 Ut
927 1053 1030 1091 illius
1049 1053 1276 1104 dignitatem

150 1105 346 1157 praesentis
371 1118 495 1153 ornes,
529 1119 610 1144 rem
640 1107 840 1158 utriusque
869 1106 1065 1154 defendas,
1100 1114 1137 1144 te
1168 1119 1273 1156 rogo.

153 1160 240 1197 Hoc
258 1159 356 1197 mihi
373 1160 518 1210 gratius
536 1159 576 1197 in
596 1160 669 1198 ista
686 1160 881 1212 provincia
898 1160 1020 1198 facere
1034 1160 1132 1198 nihil
1150 1168 1271 1211 potes.

151 1213 276 1265 quue
294 1220 338 1251 ut
356 1213 485 1263 facias,
505 1221 543 1253 te
561 1214 804 1254 vehementer
822 1214 938 1254 etiam
956 1221 1071 1267 atque
1083 1214 1199 1254 etiam
1213 1226 1273 1252 ro-

87 1300 91 1301 ,
149 1281 212 1320 go.
241 1267 352 1307 Vale.
