1513 2382
293 110 377 151 AD
407 109 702 152 DIVERSOS.
737 113 834 150 Lm.
857 110 982 151 XIII.
1014 113 1079 150 35.
1203 112 1253 148 35

131 217 274 268 feceris,
296 220 328 258 si
346 220 582 267 intellexero,
612 221 712 258 hanc
746 220 1117 258 commendationem
1144 233 1253 270 mag-

133 285 228 312 num
247 274 350 326 apud
368 282 406 313 te
425 274 576 326 pondus
597 274 787 312 habuisse.
816 274 928 312 Vale.

187 437 300 490 (34.)
330 439 391 477 M.
414 438 464 477 Τ.
486 438 531 477 C.
561 435 782 485 ACILIO,
814 435 978 476 PROC.
1009 437 1048 475 S.
1070 436 1116 473 P.
1130 435 1183 473 D.

184 545 513 637 (fg-gumentum.
529 544 790 595 ——Lysonem
829 544 1120 595 Lilybaetanum
1152 555 1255 582 com-

131 611 220 637 men
251 607 321 646 at.)

181 706 349 745 Avitum
368 707 466 745 mihi
483 707 695 759 hospitium
715 713 771 746 est
789 719 878 746 cum
894 706 1062 758 Lysone,
1085 705 1251 756 Lysonis

129 760 223 809 filio,
245 761 512 813 Lilybaetan03
543 761 730 813 valdeque
749 763 797 799 ab
817 774 861 799 eo
879 762 1056 798 observor
1072 774 1082 796 :
1113 772 1252 809 cogno-

131 813 246 866 vique
264 815 427 866 dignum
445 822 483 853 et
507 822 616 865 patre
635 823 672 853 et
691 828 786 852 avo:
817 822 873 852 est
892 815 995 852 enim
1013 813 1253 851 nobilissima

131 867 291 907 familia„
339 868 600 919 Quapropter,
630 868 858 906 commendo
886 868 957 905 tibi
993 868 1179 916 majorem
1210 867 1253 904 in

130 922 292 960 modum
311 935 392 960 rem
421 922 659 973 domumque
678 923 785 971 ejus;
815 934 1035 972 magnoque
1053 933 1165 970 opere
1184 921 1252 958 abs

131 983 169 1013 te
197 983 300 1027 peto,
335 989 454 1024 cures,
487 985 530 1013 ut
558 976 590 1013 is
612 976 814 1026 intelligat,
845 987 974 1012 meam
1007 973 1252 1012 commenda-

130 1030 274 1067 tionem
293 1029 465 1067 maximo
489 1029 561 1067 sibi
579 1029 683 1080 apud
711 1037 749 1067 te
781 1037 818 1067 et
837 1029 1063 1077 adjumento
1083 1035 1120 1066 et
1139 1041 1252 1066 orna-

129 1090 260 1121 mento
277 1083 404 1122 fuisse.
433 1083 545 1121 Vale.

187 1245 304 1298 (35.)
335 1246 396 1285 Μ.
413 1246 464 1284 Τ.
481 1245 526 1285 C.
556 1244 776 1293 ACILIO,
807 1243 971 1283 PROC.
1000 1246 1039 1285 S.
1061 1245 1107 1284 Ρ.
1125 1245 1178 1284 D.

187 1357 515 1409 (Argumentum.
529 1377 582 1382 -—-
595 1354 870 1401 Philoxenum,
888 1354 1077 1405 hospitem
1091 1361 1127 1392 et
1138 1353 1252 1392 fami·

131 1411 268 1450 liarem
291 1423 422 1456 suum,
441 1407 715 1457 commendat.)

200 1519 317 1558 Caius
345 1518 524 1556 Avianus
548 1516 787 1555 Philoxenus
820 1515 1001 1567 antiquus
1031 1523 1086 1554 est
1114 1516 1252 1567 hospes

133 1584 257 1621 meus,
279 1580 329 1621 et,
348 1580 486 1624 praeter
497 1571 724 1622 hospitium,
751 1570 861 1608 valde
887 1570 1003 1607 etiam
1022 1569 1249 1615 familiaris3

134 1640 251 1678 quem
272 1626 400 1666 Caesar
418 1639 504 1663 meo
521 1624 732 1663 beneficio
721 1636 762 1661 111
783 1624 874 1662 Nov
875 1635 1091 1661 ocomenses
1109 1624 1250 1661 retulit.

134 1681 292 1719 Nomen
304 1688 435 1719 autem
451 1679 592 1717 Aviani
607 1686 756 1717 secutus
770 1685 839 1725 est,
854 1677 958 1728 quod
976 1677 1131 1715 homine
1145 1678 1254 1715 nullo

134 1735 223 1786 plus
243 1742 299 1773 est
323 1747 430 1780 usus,
451 1746 570 1786 quam
595 1733 732 1771 Flacco
750 1732 918 1777 Aviano,
942 1744 1029 1769 meo
1051 1731 1255 1782 (quemad-

133 1789 295 1827 modum
322 1796 360 1826 te
382 1788 474 1826 scire
501 1785 680 1836 arbitror)
711 1784 1020 1824 familiarissimo.
1061 1785 1163 1832 Quae
1181 1797 1252 1836 ego

134 1843 266 1881 omnia
293 1842 442 1893 0011081,
480 1848 525 1879 ut
556 1841 800 1891 intelligeres,
832 1851 906 1877 non
942 1839 1141 1889 vulgarem
1173 1852 1253 1878 esse

135 1896 504 1936 commendationem
518 1896 618 1934 hanc
636 1907 776 1932 meam.
806 1893 902 1931 Peto
919 1892 1037 1957 igitur
1055 1894 1122 1930 abs
1140 1899 1192 1939 te,
1208 1900 1254 1931 ut

135 1951 314 1989 omnibus
328 1951 441 1988 rebus
462 1949 586 2002 (quod
604 1948 685 1986 sine
701 1947 876 1985 molestia
895 1947 963 1984 tua
980 1946 1103 1985 facere
1116 1946 1253 1998 possis)

138 2005 173 2042 ei
198 2003 429 2051 commodes,
458 2004 676 2054 habeasque
699 2001 741 2039 in
769 2013 929 2039 numero
958 2009 1140 2046 tuorum3
1169 2013 1256 2051 per-

136 2058 330 2110 ficiasque,
359 2065 404 2096 ut
421 2058 624 2109 intelligat,
642 2057 712 2094 has
729 2054 857 2094 literas
881 2067 987 2092 meas
1013 2066 1154 2105 magno
1182 2054 1255 2091 sibi

137 2112 227 2150 usui
250 2112 379 2150 fuisse.
419 2111 505 2151 Erit
533 2111 573 2150 id
603 2110 702 2150 mihi
718 2110 902 2159 majorem
923 2108 962 2146 in
981 2108 1141 2147 modum
1168 2121 1254 2158 gra-

140 2174 236 2204 tum.
266 2166 377 2205 Vale.
