1513 2382
360 91 445 131 AD
463 89 749 131 ATTICUM.
780 90 875 129 Lm.
898 91 931 129 Ι.
953 92 990 128 8.
1159 92 1233 129 145

163 201 260 240 Haec
277 200 467 240 habebam
492 200 585 247 fere,
604 213 693 252 quae
711 207 749 238 te
767 199 860 238 scire
879 199 1030 238 vellem.
1060 197 1139 245 Tu,
1167 212 1230 238 ve-

105 256 193 304 lim,
225 256 257 294 si
286 269 364 307 qua
382 263 607 294 ornamenta
626 255 853 303 γυμνασιωδη
885 253 1048 305 reperire
1077 255 1230 305 poteris,

104 324 194 362 quae
211 309 286 348 loci
305 310 381 348 sint
398 311 481 359 ejus
499 322 617 360 quem
636 316 680 346 tu
708 320 785 346 non
804 308 971 359 ignoras,
995 321 1044 346 ne
1074 316 1232 359 praeter-

103 364 247 402 mittas.
278 364 364 402 Nos
381 364 604 402 Tusculano
628 363 683 401 ita
707 362 956 410 delectamur,
980 370 1024 401 ut
1042 362 1232 401 nobismet

102 418 196 469 ipsis
228 430 314 457 tum
344 418 524 469 denique,
558 431 649 456 cum
678 417 746 455 illo
774 416 964 465 venimus,
998 417 1233 468 placeamus.

103 471 214 519 Quid
233 485 323 523 agas
341 472 521 511 omnibus
537 472 587 510 de
606 473 732 518 rebus,
746 478 783 509 et
802 471 896 522 quid
915 479 1069 510 acturus
1089 471 1152 520 sis,
1172 471 1232 509 fac

102 537 173 564 nos
191 539 311 578 quam
330 526 620 577 diligentissime
637 526 822 564 certiores.
857 526 968 564 Vale.

335 690 430 741 (7.)
460 688 674 729 CICERO
703 687 924 728 ATTICO
953 689 992 727 S.

155 796 280 848 Apud
298 804 463 835 matrem
478 803 578 835 recte
597 803 678 842 est3
700 809 821 848 eaque
832 797 943 836 nobis
962 810 1063 836 curae
1081 805 1148 836 est.
1179 798 1227 836 L.

100 850 237 889 Cincio
267 851 339 889 HS
360 850 521 889 XXCD
550 851 730 889 constitui
758 864 822 890 me
840 860 1064 890 curaturum
1094 852 1232 890 Idibus

104 905 218 943 Febr.
247 904 327 948 Tu,
358 905 489 953 velim,
521 917 579 953 ea,
611 918 700 956 quae
728 905 838 944 nobis
869 906 1004 944 emisse
1024 912 1062 944 et
1079 907 1232 958 parasse

102 959 248 1006 scribis,
268 959 334 998 des
353 972 508 1010 operam
522 966 567 996 ut
586 972 705 1010 quam
724 959 898 1010 primum
916 959 1128 998 habeamus
1145 975 1155 998 τ
1179 969 1230 1007 et,

103 1012 234 1060 velim,
250 1013 405 1064 cogites,
426 1013 498 1061 (id,
518 1013 624 1065 quod
641 1013 738 1051 mihi
756 1014 949 1064 pollicitus
968 1020 1025 1061 es)
1046 1015 1232 1065 quemad-

103 1066 265 1105 modum
284 1067 555 1106 bibliothecam
574 1066 683 1104 nobis
701 1067 883 1106 conficere
896 1068 1028 1119 possis.
1058 1068 1231 1107 Omnem

103 1133 212 1173 spem
231 1120 490 1159 delectationis
509 1127 661 1168 nostrae,
683 1134 816 1172 quam,
850 1134 939 1160 cum
961 1122 1002 1160 in
1022 1122 1146 1160 otium
1167 1137 1231 1162 ve-

101 1175 285 1224 nerimus,
305 1175 446 1214 habere
460 1175 654 1223 volumus,
670 1174 709 1213 in
725 1175 794 1214 tua
808 1176 1049 1215 humanitate
1068 1177 1232 1228 positam

104 1229 307 1269 habemus.

342 1393 430 1446 (8.)
461 1394 676 1434 CICERO
705 1393 924 1435 ATTICO
954 1396 994 1434 S.

156 1502 281 1555 Apud
299 1510 336 1542 te
354 1512 424 1551 est,
445 1511 489 1542 ut
508 1505 700 1543 volumus.
732 1504 863 1544 Mater
877 1512 945 1542 tua
963 1511 1001 1543 et
1019 1516 1123 1543 soror
1136 1519 1159 1544 a
1170 1519 1234 1546 me

103 1557 332 1609 Quintoque
349 1558 466 1597 fratre
485 1558 671 1610 diligitur.
700 1558 804 1597 Cum
826 1559 1001 1597 Acutilio
1020 1572 1109 1597 sum
1126 1561 1233 1598 locu-

102 1619 189 1649 tus:
220 1612 253 1649 is
271 1612 345 1651 sibi
363 1621 478 1664 negat
496 1627 520 1651 a
538 1626 607 1651 suo
626 1622 868 1664 procuratore
887 1613 1102 1664 quidquam
1118 1615 1235 1666 scrip-

101 1674 188 1704 tum
203 1679 296 1713 esse,
311 1674 348 1705 et
361 1667 526 1705 miratur
542 1668 657 1705 istam
672 1668 967 1706 controversiam
985 1667 1116 1714 fuisse,
1131 1669 1236 1720 quod

103 1720 168 1758 ille
186 1721 368 1759 recusarit
386 1721 580 1769 satisdare,
601 1723 768 1773 amplius
794 1724 861 1760 abs
880 1730 918 1760 te
936 1734 1013 1759 non
1033 1723 1124 1773 peti.

157 1774 278 1822 Quod
305 1782 342 1813 te
360 1775 408 1813 de
426 1775 602 1814 Tadiano
627 1777 780 1827 negotio
810 1776 992 1814 decidisse
1017 1776 1163 1825 scribis,
1195 1777 1235 1816 id

103 1842 174 1880 ego
193 1828 318 1867 Tadio
338 1836 376 1867 et
393 1837 548 1881 gratum
563 1843 641 1868 esse
658 1830 846 1878 intellexi,
868 1837 906 1868 et
924 1843 1158 1883 magnopere
1168 1833 1236 1881 ju-

101 1883 286 1921 cundum.
318 1884 392 1921 Ille
421 1891 548 1922 noster
578 1884 738 1931 amicus,
763 1885 821 1922 vir
852 1885 1109 1931 (mehercule)
1135 1887 1234 1937 opti-

101 1949 204 1985 mus,
226 1945 263 1976 et
281 1937 379 1975 mihi
398 1938 667 1985 amicissimus,
695 1951 785 1976 sane
804 1938 875 1976 tibi
893 1938 1013 1976 iratus
1032 1947 1099 1977 est.
1130 1940 1233 1987 Hoc,

100 1991 146 2038 si,
166 1991 302 2043 quanti
321 1999 366 2030 tu
392 1992 570 2040 aestimes,
598 1993 731 2039 sciam,
751 1999 852 2040 tum,
873 1992 969 2044 quid
986 1993 1085 2032 mihi
1106 1994 1234 2034 elabo-

101 2046 268 2084 randum
287 2046 349 2093 sit,
370 2047 465 2085 scire
483 2047 636 2098 possim.

157 2100 206 2138 L.
228 2100 364 2139 Cincio
383 2101 456 2139 HS
477 2100 652 2140 CCIOO
670 2100 846 2140 CCIOO
867 2101 1006 2140 CCCC
1025 2116 1096 2154 pro
1115 2103 1233 2155 signis

103 2154 326 2205 Megaricis,
359 2162 402 2193 ut
420 2163 463 2193 tu
483 2155 533 2193 ad
552 2168 616 2193 me
644 2155 859 2207 scripseras,
891 2158 1033 2195 curavi.
1074 2158 1235 2196 Hermae

103 2208 161 2246 tui
181 2209 367 2247 Pentelici
385 2222 476 2247 cum
495 2209 684 2261 capitibus
714 2210 840 2259 aeneis,
867 2210 915 2249 de
940 2212 1083 2262 quibus
1102 2212 1151 2251 ad
1169 2225 1234 2251 me

163 2263 334 2313 (Epist.)
358 2275 466 2302 vor.
488 2275 542 2301 11.
944 2277 970 2304 o
