1513 2382
434 89 518 128 AD
538 88 833 129 DIVERSOS.
862 89 963 127 L113.
985 88 1080 127 XV.
1099 90 1139 127 4.
1298 91 1345 129 91

226 191 424 236 itineribus
439 198 488 236 ad
501 197 705 237 Amanum
720 197 928 237 exercitum
939 196 1047 235 duxi.
1078 197 1170 245 Quo
1184 203 1229 235 ut
1243 198 1345 247 veni,

227 245 377 290 hostem
395 253 444 290 ab
462 253 673 291 Antiochia
692 252 896 299 recessisse,
916 251 1108 290 Bibulum
1126 251 1349 291 Antiochiae

228 313 322 353 ὦδε,
346 307 527 357 cognovi:
558 307 862 357 Deiotarumque
888 305 1099 353 confestim,
1116 307 1200 355 jam
1219 306 1267 343 ad
1286 319 1350 345 me

228 359 445 398 venientem
463 373 553 399 cum
571 373 713 412 magno
733 368 769 399 et
787 360 898 398 firmo
917 360 1089 411 equitatu
1110 367 1147 397 et
1160 360 1347 410 peditatu,

230 416 269 446 et
287 426 377 452 cum
405 415 586 453 omnibus
605 415 682 454 suis
711 414 841 465 copiis,
863 414 1058 453 certiorem
1078 413 1164 461 feci,
1185 426 1262 452 non
1293 414 1351 451 vi-

228 464 310 505 deri
338 481 417 507 esse
446 482 614 515 causam,
648 482 715 507 cur
745 470 890 507 abesset
915 481 938 506 a
961 480 1104 518 regno3
1133 480 1274 519 meque
1300 468 1350 506 ad

229 532 334 570 eum,
355 522 387 560 si
405 523 499 574 quid
518 523 608 562 novi
625 523 721 561 forte
739 523 946 571 accidisset,
960 522 1089 560 statim
1107 522 1235 560 literas
1247 534 1348 560 nun-

227 575 376 628 tiosque
393 577 602 616 missurum
622 590 712 616 esse.

281 631 462 683 Cumque
482 645 525 670 eo
544 632 672 670 animo
683 632 883 679 venissem,
899 638 945 669 ut
962 630 1114 682 utrique
1128 629 1347 682 provinciae,

228 684 262 724 si
278 686 333 723 ita
350 692 503 737 tempus
520 686 646 732 ferret,
668 686 909 724 subvenirem
926 699 938 731 ς
968 693 1052 723 tum
1072 685 1126 731 id,
1144 685 1247 736 quod
1263 686 1348 734 jam

227 746 317 778 ante
342 747 548 778 statueram
569 741 813 778 vehementer
836 739 1013 777 interesse
1039 739 1239 790 utriusque
1261 751 1350 790 pro-

227 793 376 838 vinciae,
405 807 541 845 pacare
564 794 782 839 Amanum,
810 800 847 832 et
875 801 1105 845 perpetuum
1128 793 1277 831 hostem
1300 805 1350 831 ex

229 860 274 886 eo
291 855 422 887 monte
440 849 586 895 toHere,
613 861 723 900 agere
741 848 902 900 perrexi.
933 849 1113 898 Cumque
1140 859 1204 885 me
1230 847 1350 885 disce-

229 901 318 940 dere
336 904 384 941 ab
403 915 446 940 eo
464 910 595 941 monte
614 903 869 949 simulassem,
891 910 929 940 et
947 902 1039 940 alias
1058 908 1184 952 partes
1204 900 1350 939 Ciliciae

227 964 369 1007 petere,
403 957 650 1008 abessemque
679 958 727 995 ab
756 957 914 994 Amano
946 955 1016 993 iter
1047 955 1164 993 unius
1191 955 1280 1002 diei,
1312 961 1351 992 et

228 1018 350 1049 castra
385 1010 489 1062 apud
518 1011 781 1062 Epiphaniam
811 1010 1010 1055 fecissem;
1040 1022 1073 1047 a.
1101 1009 1138 1046 d.
1169 1019 1353 1060 quartum

228 1064 325 1103 Idus
356 1064 555 1111 Octobres,
576 1078 665 1103 cum
691 1065 1026 1116 advesperasceret,
1048 1063 1224 1114 expedito
1244 1075 1353 1101 exer·

226 1119 306 1158 citu
323 1119 378 1157 ita
395 1126 508 1157 noctu
528 1120 599 1157 iter
625 1119 711 1166 feci,
731 1126 775 1157 ut
802 1133 836 1156 a.
864 1118 902 1155 d.
929 1117 1084 1156 tertium
1109 1117 1204 1155 Idus
1230 1116 1351 1155 Octo-

226 1175 326 1223 bres,
348 1186 436 1212 cum
455 1173 665 1220 lucisceret,
681 1173 722 1211 in
740 1173 944 1211 Amanum
959 1171 1226 1210 adscenderem
1241 1184 1252 1214 ς
1275 1171 1352 1209 dis-

225 1227 457 1280 tributisque
472 1228 691 1266 cohortibus
704 1234 741 1265 et
759 1226 925 1273 auxiliis,
943 1239 1030 1265 cum
1047 1225 1130 1263 aliis
1150 1225 1202 1272 Q.
1217 1224 1348 1271 frater,

229 1282 392 1333 legatus,
412 1295 565 1320 mecum
585 1282 701 1320 simul
717 1295 729 1327 3
759 1280 844 1319 aliis
863 1281 908 1319 C.
930 1280 1148 1326 Pomtinus,
1169 1279 1317 1330 legatus
1333 1293 1346 1324 ;

227 1337 385 1389 reliquis
415 1336 477 1374 M.
508 1336 688 1375 Anneius
724 1342 761 1374 et
787 1335 835 1373 L.
862 1334 1034 1382 Tullius,
1060 1333 1191 1385 legati,
1215 1346 1353 1384 praees-

229 1399 341 1438 sent;
380 1391 583 1443 plerosque
625 1390 912 1442 nec-opinantes
955 1388 1214 1441 oppressimus
1230 1401 1242 1434 ;
1284 1387 1353 1439 qui

228 1446 341 1485 occisi
359 1445 536 1498 captique
555 1455 658 1491 sunt,
678 1444 872 1483 interclusi
890 1443 996 1495 fuga.

282 1500 456 1539 Eranam
481 1506 625 1546 autem,
647 1512 734 1551 quae
754 1498 829 1536 fuit
854 1510 931 1536 non
951 1497 1025 1535 vici
1048 1497 1180 1543 instar,
1202 1495 1268 1534 sed
1284 1508 1352 1533 ur-

228 1555 303 1602 bis,
324 1554 428 1606 quod
453 1561 532 1592 erat
560 1553 711 1591 Amani
733 1559 860 1604 caput,
890 1552 1060 1603 itemque
1080 1553 1281 1602 Sepyram,
1312 1558 1349 1588 et

230 1608 471 1657 Commorin,
498 1608 632 1646 acriter
662 1615 698 1646 et
731 1607 798 1645 diu
823 1605 1142 1658 repugnantibuS,
1171 1603 1354 1642 Pomtino

229 1664 339 1702 illam
356 1669 506 1714 partem
524 1662 673 1700 Amani
690 1668 855 1709 tenente,
871 1674 919 1699 ex
937 1660 1162 1698 antelucano
1180 1665 1352 1708 tempore

231 1730 353 1769 usque
380 1717 431 1755 ad
448 1717 584 1755 horam
611 1715 687 1754 diei
706 1716 908 1761 decimam,
927 1713 1072 1765 magna
1102 1711 1352 1751 multitudine

232 1772 402 1811 hostium
434 1770 571 1815 occisa,
606 1770 802 1822 cepimus:
845 1769 1076 1820 castellaque
1112 1780 1180 1805 sex
1211 1772 1322 1817 capta
1338 1779 1349 1803 ε

231 1827 431 1878 complura
447 1825 699 1864 incendimus.

284 1881 362 1919 His
389 1881 502 1919 rebus
530 1879 586 1918 ita
612 1880 741 1931 gestiS,
772 1885 893 1918 castra
917 1878 958 1915 in
988 1875 1177 1914 radicibus
1206 1873 1352 1912 Amani

234 1935 442 1974 habuimus
457 1934 562 1986 apud
578 1936 677 1972 Aras
696 1932 910 1972 Alexandri
929 1930 1180 1982 quatriduum
1197 1943 1208 1967 ε
1241 1935 1292 1977 et,
1312 1928 1354 1965 in

232 1989 403 2041 reliquiis
433 1989 580 2027 Amani
608 1987 791 2035 delendis,
823 1986 999 2038 agrisque
1028 1983 1236 2032 vastandis,
1266 1995 1355 2033 quae

232 2057 321 2096 pars
339 2044 422 2093 ejus
438 2043 581 2082 montis
597 2056 695 2082 meae
712 2041 916 2094 provinciae
945 2046 1014 2088 est,
1033 2039 1074 2077 id
1091 2045 1244 2090 tempus
1269 2049 1354 2074 om-

231 2111 281 2137 ne
298 2098 594 2137 consumsimus.

289 2152 480 2192 Confectis
497 2152 558 2191 his
576 2153 703 2198 rebus,
719 2151 768 2189 ad
786 2149 972 2202 oppidum
990 2146 1355 2187 Eleutherocilicum

238 2206 507 2246 Pindenissum
540 2206 749 2246 exercitum
787 2204 955 2243 adduxi:
997 2201 1101 2254 quod
1137 2213 1226 2239 cum
1259 2204 1356 2237 esset
