1513 2382
238 95 290 134 94
430 93 512 134 AD
540 91 835 133 DIVERSOS.
865 91 1082 131 mev.
1111 92 1150 130 4.

238 202 384 242 bellicis
403 203 509 252 solet,
529 203 746 255 neglectum
759 214 783 240 a
800 213 863 240 me
881 201 989 251 olim,
1008 212 1112 239 nunc
1128 198 1226 238 mihi
1239 212 1353 253 expe-

238 257 398 295 tendum
416 263 525 309 puto.

292 310 400 349 Huic
418 324 514 350 meae
531 309 719 350 voluntati
740 310 798 362 (in
817 308 898 361 qu&
915 309 1013 347 inest
1031 308 1162 361 aliqua
1180 308 1238 347 vis
1256 308 1354 347 desi-

238 365 333 403 derii
356 365 406 403 ad
423 365 636 404 sanandum
658 365 799 403 vulnus
816 363 984 414 injuriae)
1006 370 1050 401 ut
1067 363 1209 412 faveas,
1239 363 1351 412 adju-

238 426 373 470 torque
404 419 467 466 sis,
500 419 620 471 (quod
648 419 764 470 paulo
791 425 878 456 ante
899 430 963 455 me
986 417 1169 468 negaram
1196 424 1350 468 rogatu-

237 480 342 520 rum)
373 473 614 511 vehementer
632 480 669 510 te
696 485 814 523 rogo:
845 471 938 510 sed
927 479 994 518 ιω,
1019 471 1051 509 si
1068 483 1146 508 non
1169 471 1350 520 jejunum

235 525 309 564 hoc
327 527 451 565 nescio
470 526 577 578 quid,
610 526 714 578 quod
733 539 802 577 ego
821 525 933 576 gessi,
954 532 991 563 et
1013 524 1348 572 contemnendum,

235 579 439 629 videbitur,
465 580 532 618 sed
553 581 628 618 tale
651 589 765 631 atque
790 586 961 627 tantum,
980 585 1025 616 ut
1048 578 1177 626 multi,
1204 577 1351 630 nequa-

235 646 355 684 quam
380 635 535 685 paribus
553 636 681 682 rebus,
701 634 860 672 honores
878 645 1050 670 summos
1067 645 1091 670 a
1109 639 1241 671 senatu
1260 645 1349 671 con-

234 687 353 726 secuti
382 688 471 726 sint.
501 688 696 740 Equidem
717 688 832 725 etiam
859 686 957 724 mihi
973 686 1072 724 illud
1090 686 1264 724 animum
1282 686 1350 724 ad-

233 742 387 779 vertisse
419 741 562 790 videor,
595 742 682 785 (seis
705 741 822 790 enim,
847 753 965 793 quam
991 747 1133 778 attente
1150 747 1188 778 te
1217 740 1349 779 audire

231 795 390 843 soleam)
411 803 448 834 te
466 808 543 833 non
555 803 636 833 tam
650 809 708 834 res
719 802 857 846 gestas,
873 807 990 844 quam
1003 806 1141 842 mores,
1157 793 1345 842 instituta,

231 854 348 900 atque
366 849 500 897 vitam,
519 849 793 900 imperatorum
810 857 975 901 spectare
994 848 1155 897 solere,'
1144 861 1185 886 111
1202 848 1348 886 haben-

229 901 288 940 dis
319 910 386 941 aut
415 916 492 941 non
521 903 705 942 habendis
732 903 952 941 honoribus.
982 901 1100 963 Quod
1128 902 1160 940 si
1187 901 1228 940 in
1256 901 1345 940 mea

230 955 343 994 causa
368 957 634 1004 considerabis,
641 957 829 1018 reperies,
849 970 926 1003 me,
952 956 1118 994 exercitu
1136 955 1343 1003 imbecillo,

228 1016 360 1049 contra
378 1018 526 1049 met-um
545 1011 707 1049 maximi
726 1011 830 1058 belh',
843 1010 1106 1048 firmissimum
1124 1009 1345 1070 praesidium

229 1063 410 1103 habuisse
428 1064 648 1116 aequitatem
667 1072 705 1103 et
724 1064 1007 1103 continentiam.
1035 1063 1112 1102 His
1134 1077 1204 1114 ego
1222 1063 1345 1102 subsi-

230 1117 302 1156 diis
320 1131 364 1156 ea
383 1131 470 1156 sum
489 1126 723 1166 consecutus,
744 1131 832 1169 quae
849 1117 966 1156 nullis
983 1117 1196 1179 legionibus
1214 1129 1346 1156 conse-

227 1171 297 1222 qui
310 1172 548 1223 potuissem3
578 1179 623 1210 ut
637 1185 685 1210 ex
699 1171 938 1210 alienissimis
957 1171 1063 1210 sociis
1081 1171 1343 1219 amicissimos,

228 1237 277 1263 ex
295 1201 565 1264 infidelissimis
579 1226 828 1274 firmissimos,
849 1224 1072 1263 redderem·
1061 1254 1073 1270 ‚
1103 1225 1341 1276 animosque,

226 1290 415 1317 novarum
444 1293 571 1318 rerum
602 1280 879 1331 exspectatione
904 1291 1117 1330 suspensos,
1136 1279 1186 1318 ad
1210 1279 1345 1318 veteris

225 1332 377 1384 imperii
394 1333 697 1372 benevolentiam
715 1333 963 1372 traducerem.

280 1386 358 1425 Sed
376 1387 490 1425 nimis
513 1388 595 1425 haec
619 1388 744 1425 multa
772 1387 819 1426 de
839 1399 916 1434 me,
943 1386 1153 1438 prasertim
1170 1385 1220 1426 ad
1248 1391 1301 1434 te,
1319 1398 1344 1425 a

226 1453 304 1492 quo
322 1453 400 1479 uno
418 1441 593 1479 omnium
619 1441 806 1479 sociorum
836 1441 999 1492 querelae
1017 1440 1225 1479 audiuntur
1240 1453 1252 1477 ε
1282 1452 1345 1479 oo-

226 1507 382 1545 gnosces
401 1508 449 1533 ex
467 1495 513 1533 iis
532 1495 600 1547 qui
617 1496 712 1533 meis
730 1495 913 1534 institutis
933 1507 972 1532 se
990 1503 1172 1533 recreatos
1189 1500 1340 1546 putant.

228 1548 408 1600 Cumque
425 1561 571 1597 omnes,
592 1561 670 1587 uno
689 1562 807 1600 prope
828 1560 1026 1596 consensu,
1042 1548 1089 1586 de
1106 1561 1170 1587 me
1188 1547 1292 1600 apud
1305 1554 1344 1585 te

226 1615 284 1651 ea,
317 1616 404 1653 quae
432 1603 530 1640 mihi
555 1603 791 1654 optatissima
814 1610 917 1649 sunt,
941 1601 1227 1653 praedicabunt3
1258 1609 1344 1639 tum

226 1655 313 1693 duae
332 1656 513 1694 maximae
539 1657 721 1695 clientelae
740 1664 830 1704 tuae,
851 1657 1004 1708 Cyprus
1033 1655 1159 1695 insula
1185 1663 1224 1695 et
1243 1655 1345 1706 Cap-

224 1709 393 1760 padociae
421 1723 598 1761 regnum,
637 1718 765 1749 tecum
795 1710 842 1749 de
876 1723 940 1748 me
975 1710 1194 1761 loquentur.
1239 1710 1343 1748 Puto

226 1763 343 1801 etiam
375 1777 505 1815 regem
537 1764 782 1811 Deiotarum,
807 1764 875 1816 qui
899 1764 970 1802 uni
998 1764 1068 1802 tibi
1090 1771 1146 1803 est
1172 1763 1344 1802 maxime

225 1829 468 1856 necessarius.

279 1870 381 1917 Quae
399 1872 431 1909 si
449 1872 565 1910 etiam
578 1873 724 1921 majora
738 1880 854 1918 sunt3
884 1879 921 1910 et
938 1872 979 1910 in
997 1871 1175 1910 omnibus
1193 1869 1344 1910 saeculis

224 1924 419 1984 pauciores
431 1926 503 1963 viri
520 1926 658 1977 reperti
676 1935 778 1974 sunt,
795 1927 862 1978 qui
876 1939 963 1964 suas
981 1925 1204 1976 cupiditates
1221 1936 1341 1977 quam

225 1978 294 2028 qui
323 1978 492 2017 hostium
522 1981 648 2031 eopias
676 1980 892 2026 vincerent;
922 1987 978 2018 est
1008 1979 1176 2030 profecto
1207 1986 1335 2025 tuum,

224 2043 315 2068 cum
337 2032 387 2070 ad
408 2046 466 2071 res
495 2034 648 2072 bellicas
673 2034 768 2079 haec,
792 2047 880 2086 quae
902 2033 1043 2072 rariora
1064 2040 1101 2071 et
1129 2032 1339 2070 difficiliora

224 2091 329 2133 sunt,
362 2098 501 2136 genera
529 2087 679 2126 uirtutis
715 2087 948 2138 adjunxeris,
984 2086 1086 2138 ipsas
1111 2086 1226 2126 etiam
1253 2085 1339 2124 illas

224 2150 284 2177 res
302 2146 427 2190 gestas
442 2139 618 2190 justiores
639 2149 676 2181 et
694 2143 856 2192 majores
873 2149 1020 2192 putare.
