<?xml version="1.0" encoding="UTF-8"?>
<!DOCTYPE html PUBLIC "-//W3C//DTD XHTML 1.0 Transitional//EN"
    "http://www.w3.org/TR/xhtml1/DTD/xhtml1-transitional.dtd">
<html xmlns="http://www.w3.org/1999/xhtml" xml:lang="en" lang="en">
 <head>
  <title>
</title>
<meta http-equiv="Content-Type" content="text/html;charset=utf-8" />
  <meta name='ocr-system' content='tesseract 3.04.00' />
  <meta name='ocr-capabilities' content='ocr_page ocr_carea ocr_par ocr_line ocrx_word'/>
</head>
<body>
  <div class='ocr_page' id='page_1' title='image "./operaern10ciceuoft_0188.png"; bbox 0 0 1513 2382; ppageno 0'>
   <div class='ocr_carea' id='block_1_1' title="bbox 273 72 1154 118">
    <p class='ocr_par' dir='ltr' id='par_1_1' title="bbox 273 72 1154 118">
     <span class='ocr_line' id='line_1_1' title="bbox 273 72 1154 118; baseline -0.002 -6"><span class='ocrx_word' id='word_1_1' title='bbox 273 75 346 118; x_wconf 82' lang='lat'><strong>174</strong></span> <span class='ocrx_word' id='word_1_2' title='bbox 481 73 562 110; x_wconf 89' lang='lat' dir='ltr'><strong>AD</strong></span> <span class='ocrx_word' id='word_1_3' title='bbox 590 72 873 112; x_wconf 79' lang='lat' dir='ltr'><strong>ATTIOUM.</strong></span> <span class='ocrx_word' id='word_1_4' title='bbox 901 73 999 112; x_wconf 79' lang='lat' dir='ltr'><strong>Lm.</strong></span> <span class='ocrx_word' id='word_1_5' title='bbox 1027 75 1062 112; x_wconf 90' lang='lat'><strong>1.</strong></span> <span class='ocrx_word' id='word_1_6' title='bbox 1089 75 1154 112; x_wconf 83' lang='lat'><strong>20.</strong></span> 
     </span>
    </p>
   </div>
   <div class='ocr_carea' id='block_1_2' title="bbox 266 178 1371 287">
    <p class='ocr_par' dir='ltr' id='par_1_2' title="bbox 266 178 1371 287">
     <span class='ocr_line' id='line_1_2' title="bbox 267 178 1371 233; baseline -0.002 -14"><span class='ocrx_word' id='word_1_7' title='bbox 267 188 352 232; x_wconf 88' lang='lat' dir='ltr'><strong>post</strong></span> <span class='ocrx_word' id='word_1_8' title='bbox 370 180 500 219; x_wconf 87' lang='lat' dir='ltr'><strong>Catuli</strong></span> <span class='ocrx_word' id='word_1_9' title='bbox 518 189 694 229; x_wconf 89' lang='lat' dir='ltr'><strong>mortem,</strong></span> <span class='ocrx_word' id='word_1_10' title='bbox 714 194 784 219; x_wconf 87' lang='lat' dir='ltr'><strong>nec</strong></span> <span class='ocrx_word' id='word_1_11' title='bbox 812 181 987 233; x_wconf 86' lang='lat' dir='ltr'><strong>praesidio</strong></span> <span class='ocrx_word' id='word_1_12' title='bbox 1003 181 1085 219; x_wconf 91' lang='lat' dir='ltr'><strong>ullo</strong></span> <span class='ocrx_word' id='word_1_13' title='bbox 1103 191 1172 218; x_wconf 91' lang='lat' dir='ltr'><strong>nec</strong></span> <span class='ocrx_word' id='word_1_14' title='bbox 1190 178 1371 218; x_wconf 78' lang='lat' dir='ltr'><strong>comitatu</strong></span> 
     </span>
     <span class='ocr_line' id='line_1_3' title="bbox 266 234 1121 287; baseline -0.001 -14"><span class='ocrx_word' id='word_1_15' title='bbox 266 244 417 273; x_wconf 82' lang='lat' dir='ltr'><strong>tenere:</strong></span> <span class='ocrx_word' id='word_1_16' title='bbox 447 247 552 284; x_wconf 85' lang='lat' dir='ltr'><strong>nam,</strong></span> <span class='ocrx_word' id='word_1_17' title='bbox 571 242 616 273; x_wconf 88' lang='lat' dir='ltr'><strong>ut</strong></span> <span class='ocrx_word' id='word_1_18' title='bbox 633 235 686 274; x_wconf 87' lang='lat' dir='ltr'><strong>ait</strong></span> <span class='ocrx_word' id='word_1_19' title='bbox 705 235 893 283; x_wconf 84' lang='lat' dir='ltr'>Rhinton,</span> <span class='ocrx_word' id='word_1_20' title='bbox 911 242 957 273; x_wconf 91' lang='lat' dir='ltr'><strong>ut</strong></span> <span class='ocrx_word' id='word_1_21' title='bbox 973 234 1121 287; x_wconf 88' lang='lat' dir='ltr'>opinor,</span> 
     </span>
    </p>
   </div>
   <div class='ocr_carea' id='block_1_3' title="bbox 403 319 1211 370">
    <p class='ocr_par' dir='ltr' id='par_1_3' title="bbox 403 319 1211 370">
     <span class='ocr_line' id='line_1_4' title="bbox 403 319 1211 370; baseline -0.002 -12"><span class='ocrx_word' id='word_1_22' title='bbox 403 323 452 358; x_wconf 84' lang='grc' dir='ltr'><strong>Οἱ</strong></span> <span class='ocrx_word' id='word_1_23' title='bbox 465 336 529 369; x_wconf 78' lang='grc' dir='ltr'><strong>μεν</strong></span> <span class='ocrx_word' id='word_1_24' title='bbox 548 320 629 370; x_wconf 59' lang='grc' dir='ltr'>’παρ’</span> <span class='ocrx_word' id='word_1_25' title='bbox 649 319 740 357; x_wconf 78' lang='grc' dir='ltr'><strong>ουὸεγ</strong></span> <span class='ocrx_word' id='word_1_26' title='bbox 760 336 858 364; x_wconf 63' lang='lat' dir='ltr'><strong>ncne,</strong></span> <span class='ocrx_word' id='word_1_27' title='bbox 880 322 930 364; x_wconf 76' lang='grc' dir='ltr'><strong>οἷς</strong></span> <span class='ocrx_word' id='word_1_28' title='bbox 946 319 971 357; x_wconf 72' lang='grc' dir='ltr'><strong>δ’</strong></span> <span class='ocrx_word' id='word_1_29' title='bbox 988 320 1078 358; x_wconf 74' lang='grc' dir='ltr'>ουδεν</span> <span class='ocrx_word' id='word_1_30' title='bbox 1091 326 1211 368; x_wconf 84' lang='grc' dir='ltr'><strong><em>μελει.</em></strong></span> 
     </span>
    </p>
   </div>
   <div class='ocr_carea' id='block_1_4' title="bbox 251 392 1372 2207">
    <p class='ocr_par' dir='ltr' id='par_1_4' title="bbox 264 392 1372 710">
     <span class='ocr_line' id='line_1_5' title="bbox 267 392 1371 444; baseline -0.001 -13"><span class='ocrx_word' id='word_1_31' title='bbox 267 392 373 431; x_wconf 86' lang='lat' dir='ltr'><strong>Mihi</strong></span> <span class='ocrx_word' id='word_1_32' title='bbox 391 406 478 431; x_wconf 88' lang='lat' dir='ltr'><strong>vero</strong></span> <span class='ocrx_word' id='word_1_33' title='bbox 497 402 541 431; x_wconf 91' lang='lat' dir='ltr'><strong>ut</strong></span> <span class='ocrx_word' id='word_1_34' title='bbox 558 393 751 431; x_wconf 84' lang='lat' dir='ltr'>invideant</span> <span class='ocrx_word' id='word_1_35' title='bbox 769 394 958 444; x_wconf 85' lang='lat' dir='ltr'><strong>piscinarii</strong></span> <span class='ocrx_word' id='word_1_36' title='bbox 976 393 1107 440; x_wconf 80' lang='lat' dir='ltr'><strong>nostri,</strong></span> <span class='ocrx_word' id='word_1_37' title='bbox 1126 399 1194 430; x_wconf 86' lang='lat' dir='ltr'><strong>aut</strong></span> <span class='ocrx_word' id='word_1_38' title='bbox 1211 392 1371 430; x_wconf 85' lang='lat' dir='ltr'><strong>scribam</strong></span> 
     </span>
     <span class='ocr_line' id='line_1_6' title="bbox 265 446 1370 497; baseline -0.002 -13"><span class='ocrx_word' id='word_1_39' title='bbox 265 446 315 483; x_wconf 83' lang='lat' dir='ltr'><strong>ad</strong></span> <span class='ocrx_word' id='word_1_40' title='bbox 344 454 380 484; x_wconf 85' lang='lat' dir='ltr'><strong>te</strong></span> <span class='ocrx_word' id='word_1_41' title='bbox 409 447 514 494; x_wconf 84' lang='lat' dir='ltr'><strong>alias,</strong></span> <span class='ocrx_word' id='word_1_42' title='bbox 546 454 611 484; x_wconf 91' lang='lat' dir='ltr'><strong>aut</strong></span> <span class='ocrx_word' id='word_1_43' title='bbox 634 447 675 483; x_wconf 91' lang='lat' dir='ltr'><strong>in</strong></span> <span class='ocrx_word' id='word_1_44' title='bbox 705 459 944 497; x_wconf 85' lang='lat' dir='ltr'><strong>congressum</strong></span> <span class='ocrx_word' id='word_1_45' title='bbox 969 455 1141 485; x_wconf 89' lang='lat' dir='ltr'><strong>nostrum</strong></span> <span class='ocrx_word' id='word_1_46' title='bbox 1162 447 1370 484; x_wconf 53' lang='lat' dir='ltr'><strong>reservabo.</strong></span> 
     </span>
     <span class='ocr_line' id='line_1_7' title="bbox 265 498 1372 550; baseline 0 -13"><span class='ocrx_word' id='word_1_47' title='bbox 265 500 305 537; x_wconf 93' lang='lat' dir='ltr'>A</span> <span class='ocrx_word' id='word_1_48' title='bbox 326 500 430 538; x_wconf 71' lang='lat' dir='ltr'><strong>curia</strong></span> <span class='ocrx_word' id='word_1_49' title='bbox 449 507 576 537; x_wconf 88' lang='lat' dir='ltr'><strong>autem</strong></span> <span class='ocrx_word' id='word_1_50' title='bbox 602 500 710 537; x_wconf 83' lang='lat' dir='ltr'><strong>nulla</strong></span> <span class='ocrx_word' id='word_1_51' title='bbox 734 513 797 537; x_wconf 90' lang='lat' dir='ltr'><strong>me</strong></span> <span class='ocrx_word' id='word_1_52' title='bbox 818 513 877 539; x_wconf 90' lang='lat' dir='ltr'><strong>res</strong></span> <span class='ocrx_word' id='word_1_53' title='bbox 905 500 1084 546; x_wconf 83' lang='lat' dir='ltr'><strong>divellet3</strong></span> <span class='ocrx_word' id='word_1_54' title='bbox 1114 500 1175 538; x_wconf 89' lang='lat' dir='ltr'><strong>vel</strong></span> <span class='ocrx_word' id='word_1_55' title='bbox 1197 499 1300 550; x_wconf 88' lang='lat' dir='ltr'><strong>quod</strong></span> <span class='ocrx_word' id='word_1_56' title='bbox 1317 498 1372 537; x_wconf 84' lang='lat' dir='ltr'><strong>ita</strong></span> 
     </span>
     <span class='ocr_line' id='line_1_8' title="bbox 264 553 1372 603; baseline -0.001 -13"><span class='ocrx_word' id='word_1_57' title='bbox 264 561 410 591; x_wconf 86' lang='lat' dir='ltr'><strong>rectum</strong></span> <span class='ocrx_word' id='word_1_58' title='bbox 440 561 522 598; x_wconf 87' lang='lat' dir='ltr'><strong>est3</strong></span> <span class='ocrx_word' id='word_1_59' title='bbox 553 554 612 591; x_wconf 86' lang='lat' dir='ltr'><strong>vel</strong></span> <span class='ocrx_word' id='word_1_60' title='bbox 641 553 744 603; x_wconf 87' lang='lat' dir='ltr'><strong>quod</strong></span> <span class='ocrx_word' id='word_1_61' title='bbox 769 555 880 591; x_wconf 90' lang='lat' dir='ltr'><strong>rebus</strong></span> <span class='ocrx_word' id='word_1_62' title='bbox 901 553 1007 591; x_wconf 89' lang='lat' dir='ltr'><strong>meis</strong></span> <span class='ocrx_word' id='word_1_63' title='bbox 1023 553 1192 591; x_wconf 83' lang='lat' dir='ltr'><strong>maxime</strong></span> <span class='ocrx_word' id='word_1_64' title='bbox 1217 564 1372 590; x_wconf 90' lang='lat' dir='ltr'><strong>consen-</strong></span> 
     </span>
     <span class='ocr_line' id='line_1_9' title="bbox 264 606 1372 658; baseline 0.001 -15"><span class='ocrx_word' id='word_1_65' title='bbox 264 614 447 650; x_wconf 86' lang='lat' dir='ltr'><strong>taneum3</strong></span> <span class='ocrx_word' id='word_1_66' title='bbox 478 607 539 644; x_wconf 90' lang='lat' dir='ltr'><strong>vel</strong></span> <span class='ocrx_word' id='word_1_67' title='bbox 570 606 688 657; x_wconf 89' lang='lat' dir='ltr'><strong>quod,</strong></span> <span class='ocrx_word' id='word_1_68' title='bbox 715 619 738 643; x_wconf 90' lang='lat' dir='ltr'><strong>a</strong></span> <span class='ocrx_word' id='word_1_69' title='bbox 763 614 895 644; x_wconf 82' lang='lat' dir='ltr'><strong>senatu</strong></span> <span class='ocrx_word' id='word_1_70' title='bbox 924 607 1059 658; x_wconf 88' lang='lat' dir='ltr'><strong>quanti</strong></span> <span class='ocrx_word' id='word_1_71' title='bbox 1079 606 1185 654; x_wconf 84' lang='lat' dir='ltr'><strong>fiam,</strong></span> <span class='ocrx_word' id='word_1_72' title='bbox 1212 606 1372 644; x_wconf 84' lang='lat' dir='ltr'><strong>minime</strong></span> 
     </span>
     <span class='ocr_line' id='line_1_10' title="bbox 264 660 511 710; baseline 0.004 -14"><span class='ocrx_word' id='word_1_73' title='bbox 264 672 327 697; x_wconf 90' lang='lat' dir='ltr'><strong>me</strong></span> <span class='ocrx_word' id='word_1_74' title='bbox 346 660 511 710; x_wconf 75' lang='lat' dir='ltr'><strong>poenitet.</strong></span> 
     </span>
    </p>

    <p class='ocr_par' dir='ltr' id='par_1_5' title="bbox 260 711 1372 1191">
     <span class='ocr_line' id='line_1_11' title="bbox 318 711 1371 773; baseline 0 -23"><span class='ocrx_word' id='word_1_75' title='bbox 318 713 380 750; x_wconf 90' lang='lat' dir='ltr'><strong>De</strong></span> <span class='ocrx_word' id='word_1_76' title='bbox 399 713 582 773; x_wconf 85' lang='lat' dir='ltr'><strong>Sicyoniis</strong></span> <span class='ocrx_word' id='word_1_77' title='bbox 609 715 670 756; x_wconf 90' lang='lat' dir='ltr'><strong>(ut</strong></span> <span class='ocrx_word' id='word_1_78' title='bbox 687 713 735 751; x_wconf 87' lang='lat' dir='ltr'><strong>ad</strong></span> <span class='ocrx_word' id='word_1_79' title='bbox 754 721 790 752; x_wconf 91' lang='lat' dir='ltr'><strong>te</strong></span> <span class='ocrx_word' id='word_1_80' title='bbox 812 713 942 765; x_wconf 83' lang='lat' dir='ltr'><strong>scripsi</strong></span> <span class='ocrx_word' id='word_1_81' title='bbox 959 711 1088 763; x_wconf 88' lang='lat' dir='ltr'><strong>antea)</strong></span> <span class='ocrx_word' id='word_1_82' title='bbox 1107 725 1185 752; x_wconf 91' lang='lat' dir='ltr'><strong>non</strong></span> <span class='ocrx_word' id='word_1_83' title='bbox 1201 713 1371 751; x_wconf 88' lang='lat' dir='ltr'><strong>multum</strong></span> 
     </span>
     <span class='ocr_line' id='line_1_12' title="bbox 263 766 1372 832; baseline 0.001 -29"><span class='ocrx_word' id='word_1_84' title='bbox 263 766 343 816; x_wconf 91' lang='lat' dir='ltr'><strong>spei</strong></span> <span class='ocrx_word' id='word_1_85' title='bbox 362 774 417 803; x_wconf 87' lang='lat' dir='ltr'><strong>est</strong></span> <span class='ocrx_word' id='word_1_86' title='bbox 446 767 486 803; x_wconf 90' lang='lat' dir='ltr'><strong>in</strong></span> <span class='ocrx_word' id='word_1_87' title='bbox 505 774 662 804; x_wconf 89' lang='lat' dir='ltr'><strong>senatu:</strong></span> <span class='ocrx_word' id='word_1_88' title='bbox 695 780 808 805; x_wconf 90' lang='lat' dir='ltr'><strong>nemo</strong></span> <span class='ocrx_word' id='word_1_89' title='bbox 833 776 888 805; x_wconf 91' lang='lat' dir='ltr'><strong>est</strong></span> <span class='ocrx_word' id='word_1_90' title='bbox 910 767 1013 805; x_wconf 90' lang='lat' dir='ltr'><strong>enim</strong></span> <span class='ocrx_word' id='word_1_91' title='bbox 1033 768 1130 816; x_wconf 87' lang='lat' dir='ltr'><strong>jam,</strong></span> <span class='ocrx_word' id='word_1_92' title='bbox 1150 766 1224 832; x_wconf 93' lang='lat' dir='ltr'><strong>qui</strong></span> <span class='ocrx_word' id='word_1_93' title='bbox 1236 779 1372 818; x_wconf 87' lang='lat' dir='ltr'><strong>quera-</strong></span> 
     </span>
     <span class='ocr_line' id='line_1_13' title="bbox 262 817 1372 871; baseline 0.001 -15"><span class='ocrx_word' id='word_1_94' title='bbox 262 829 336 856; x_wconf 80' lang='lat' dir='ltr'><strong>tur.</strong></span> <span class='ocrx_word' id='word_1_95' title='bbox 366 819 510 868; x_wconf 83' lang='lat' dir='ltr'>Quare,</span> <span class='ocrx_word' id='word_1_96' title='bbox 531 820 560 858; x_wconf 89' lang='lat' dir='ltr'><strong>si</strong></span> <span class='ocrx_word' id='word_1_97' title='bbox 580 820 620 858; x_wconf 91' lang='lat' dir='ltr'><strong>id</strong></span> <span class='ocrx_word' id='word_1_98' title='bbox 638 830 843 871; x_wconf 45' lang='lat' dir='ltr'><strong>exspecta&amp;</strong></span> <span class='ocrx_word' id='word_1_99' title='bbox 863 821 1023 871; x_wconf 86' lang='lat' dir='ltr'><strong>longum</strong></span> <span class='ocrx_word' id='word_1_100' title='bbox 1041 828 1108 859; x_wconf 90' lang='lat' dir='ltr'><strong>est.</strong></span> <span class='ocrx_word' id='word_1_101' title='bbox 1135 817 1229 858; x_wconf 83' lang='lat' dir='ltr'><strong>Alia</strong></span> <span class='ocrx_word' id='word_1_102' title='bbox 1247 820 1322 867; x_wconf 87' lang='lat' dir='ltr'><strong>via,</strong></span> <span class='ocrx_word' id='word_1_103' title='bbox 1339 820 1372 857; x_wconf 89' lang='lat' dir='ltr'><strong>si</strong></span> 
     </span>
     <span class='ocr_line' id='line_1_14' title="bbox 262 873 1370 925; baseline 0.002 -15"><span class='ocrx_word' id='word_1_104' title='bbox 262 885 341 923; x_wconf 84' lang='lat' dir='ltr'><strong>qua</strong></span> <span class='ocrx_word' id='word_1_105' title='bbox 358 881 477 923; x_wconf 87' lang='lat' dir='ltr'><strong>potes,</strong></span> <span class='ocrx_word' id='word_1_106' title='bbox 510 887 651 924; x_wconf 85' lang='lat' dir='ltr'><strong>pugna.</strong></span> <span class='ocrx_word' id='word_1_107' title='bbox 682 874 783 912; x_wconf 86' lang='lat' dir='ltr'><strong>Cum</strong></span> <span class='ocrx_word' id='word_1_108' title='bbox 809 881 864 912; x_wconf 90' lang='lat' dir='ltr'><strong>est</strong></span> <span class='ocrx_word' id='word_1_109' title='bbox 882 882 1025 921; x_wconf 73' lang='lat' dir='ltr'><strong>actum,</strong></span> <span class='ocrx_word' id='word_1_110' title='bbox 1051 886 1175 925; x_wconf 89' lang='lat' dir='ltr'><strong>neque</strong></span> <span class='ocrx_word' id='word_1_111' title='bbox 1196 873 1370 912; x_wconf 83' lang='lat' dir='ltr'><strong>animad-</strong></span> 
     </span>
     <span class='ocr_line' id='line_1_15' title="bbox 265 927 1372 978; baseline 0.002 -16"><span class='ocrx_word' id='word_1_112' title='bbox 265 939 415 963; x_wconf 85' lang='lat' dir='ltr'><strong>versum</strong></span> <span class='ocrx_word' id='word_1_113' title='bbox 435 934 505 973; x_wconf 88' lang='lat' dir='ltr'><strong>est,</strong></span> <span class='ocrx_word' id='word_1_114' title='bbox 531 927 580 964; x_wconf 87' lang='lat' dir='ltr'><strong>ad</strong></span> <span class='ocrx_word' id='word_1_115' title='bbox 605 940 702 978; x_wconf 89' lang='lat' dir='ltr'><strong>quos</strong></span> <span class='ocrx_word' id='word_1_116' title='bbox 729 927 958 978; x_wconf 88' lang='lat' dir='ltr'><strong>pertineret3</strong></span> <span class='ocrx_word' id='word_1_117' title='bbox 988 934 1025 965; x_wconf 89' lang='lat' dir='ltr'><strong>et</strong></span> <span class='ocrx_word' id='word_1_118' title='bbox 1048 927 1189 978; x_wconf 89' lang='lat' dir='ltr'><strong>raptim</strong></span> <span class='ocrx_word' id='word_1_119' title='bbox 1217 927 1259 964; x_wconf 91' lang='lat' dir='ltr'><strong>in</strong></span> <span class='ocrx_word' id='word_1_120' title='bbox 1287 938 1372 965; x_wconf 84' lang='lat' dir='ltr'><strong>eam</strong></span> 
     </span>
     <span class='ocr_line' id='line_1_16' title="bbox 262 980 1372 1031; baseline 0.002 -15"><span class='ocrx_word' id='word_1_121' title='bbox 262 980 487 1017; x_wconf 79' lang='lat' dir='ltr'><strong>sententiam</strong></span> <span class='ocrx_word' id='word_1_122' title='bbox 511 980 655 1031; x_wconf 89' lang='lat' dir='ltr'><strong>pedarii</strong></span> <span class='ocrx_word' id='word_1_123' title='bbox 679 988 936 1019; x_wconf 88' lang='lat' dir='ltr'><strong>cucurrerunt.</strong></span> <span class='ocrx_word' id='word_1_124' title='bbox 966 980 1177 1019; x_wconf 87' lang='lat' dir='ltr'><strong>Inducendi</strong></span> <span class='ocrx_word' id='word_1_125' title='bbox 1204 982 1372 1019; x_wconf 70' lang='grc' dir='ltr'>56113ῐῦ5-</span> 
     </span>
     <span class='ocr_line' id='line_1_17' title="bbox 260 1033 1369 1085; baseline 0 -15"><span class='ocrx_word' id='word_1_126' title='bbox 260 1033 422 1070; x_wconf 90' lang='lat' dir='ltr'><strong>consulti</strong></span> <span class='ocrx_word' id='word_1_127' title='bbox 453 1034 652 1071; x_wconf 80' lang='lat' dir='ltr'><strong>maturitas</strong></span> <span class='ocrx_word' id='word_1_128' title='bbox 677 1034 848 1071; x_wconf 90' lang='lat' dir='ltr'><strong>nondum</strong></span> <span class='ocrx_word' id='word_1_129' title='bbox 877 1041 960 1072; x_wconf 87' lang='lat' dir='ltr'><strong>est·</strong></span> <span class='ocrx_word' id='word_1_130' title='bbox 948 1062 961 1080; x_wconf 90' lang='lat'>‚</span> <span class='ocrx_word' id='word_1_131' title='bbox 991 1033 1094 1085; x_wconf 90' lang='lat' dir='ltr'><strong>quod</strong></span> <span class='ocrx_word' id='word_1_132' title='bbox 1119 1046 1244 1085; x_wconf 88' lang='lat' dir='ltr'><strong>neque</strong></span> <span class='ocrx_word' id='word_1_133' title='bbox 1267 1040 1369 1081; x_wconf 87' lang='lat' dir='ltr'><strong>sunt,</strong></span> 
     </span>
     <span class='ocr_line' id='line_1_18' title="bbox 262 1085 1371 1138; baseline 0.002 -16"><span class='ocrx_word' id='word_1_134' title='bbox 262 1085 330 1136; x_wconf 93' lang='lat' dir='ltr'><strong>qui</strong></span> <span class='ocrx_word' id='word_1_135' title='bbox 348 1094 555 1137; x_wconf 87' lang='lat' dir='ltr'>querantur</span> <span class='ocrx_word' id='word_1_136' title='bbox 570 1101 582 1132; x_wconf 98' lang='lat'><em>3</em></span> <span class='ocrx_word' id='word_1_137' title='bbox 613 1095 650 1125; x_wconf 87' lang='lat' dir='ltr'><strong>et</strong></span> <span class='ocrx_word' id='word_1_138' title='bbox 667 1087 794 1134; x_wconf 86' lang='lat' dir='ltr'><strong>multi,</strong></span> <span class='ocrx_word' id='word_1_139' title='bbox 813 1088 954 1138; x_wconf 88' lang='lat' dir='ltr'><strong>partim</strong></span> <span class='ocrx_word' id='word_1_140' title='bbox 982 1087 1263 1134; x_wconf 78' lang='lat' dir='ltr'><strong>malevolentia,</strong></span> <span class='ocrx_word' id='word_1_141' title='bbox 1281 1099 1371 1138; x_wconf 88' lang='lat' dir='ltr'><strong>par-</strong></span> 
     </span>
     <span class='ocr_line' id='line_1_19' title="bbox 262 1139 1009 1191; baseline 0.004 -16"><span class='ocrx_word' id='word_1_142' title='bbox 262 1139 330 1176; x_wconf 88' lang='lat' dir='ltr'><strong>tim</strong></span> <span class='ocrx_word' id='word_1_143' title='bbox 351 1140 526 1190; x_wconf 90' lang='lat' dir='ltr'><strong>opinione</strong></span> <span class='ocrx_word' id='word_1_144' title='bbox 545 1140 745 1191; x_wconf 79' lang='lat' dir='ltr'><strong>aequitatis,</strong></span> <span class='ocrx_word' id='word_1_145' title='bbox 765 1141 1009 1179; x_wconf 87' lang='lat' dir='ltr'><strong>delectantur.</strong></span> 
     </span>
    </p>

    <p class='ocr_par' dir='ltr' id='par_1_6' title="bbox 257 1192 1369 1509">
     <span class='ocr_line' id='line_1_20' title="bbox 314 1192 1368 1245; baseline 0.003 -16"><span class='ocrx_word' id='word_1_146' title='bbox 314 1192 497 1231; x_wconf 85' lang='lat' dir='ltr'><strong>Metellus</strong></span> <span class='ocrx_word' id='word_1_147' title='bbox 523 1201 613 1232; x_wconf 89' lang='lat' dir='ltr'><strong>tuus</strong></span> <span class='ocrx_word' id='word_1_148' title='bbox 642 1201 697 1231; x_wconf 88' lang='lat' dir='ltr'><strong>est</strong></span> <span class='ocrx_word' id='word_1_149' title='bbox 718 1194 890 1244; x_wconf 85' lang='lat' dir='ltr'><strong>egregius</strong></span> <span class='ocrx_word' id='word_1_150' title='bbox 911 1194 1065 1232; x_wconf 84' lang='lat' dir='ltr'><strong>consul:</strong></span> <span class='ocrx_word' id='word_1_151' title='bbox 1095 1206 1219 1232; x_wconf 91' lang='lat' dir='ltr'><strong>unum</strong></span> <span class='ocrx_word' id='word_1_152' title='bbox 1243 1206 1368 1245; x_wconf 87' lang='lat' dir='ltr'><strong>repre-</strong></span> 
     </span>
     <span class='ocr_line' id='line_1_21' title="bbox 258 1245 1369 1299; baseline 0.002 -16"><span class='ocrx_word' id='word_1_153' title='bbox 258 1245 397 1293; x_wconf 82' lang='lat' dir='ltr'><strong>hendo,</strong></span> <span class='ocrx_word' id='word_1_154' title='bbox 417 1246 519 1297; x_wconf 91' lang='lat' dir='ltr'><strong>quod</strong></span> <span class='ocrx_word' id='word_1_155' title='bbox 537 1247 659 1284; x_wconf 90' lang='lat' dir='ltr'><strong>otium</strong></span> <span class='ocrx_word' id='word_1_156' title='bbox 674 1260 694 1284; x_wconf 92' lang='lat' dir='ltr'><strong>e</strong></span> <span class='ocrx_word' id='word_1_157' title='bbox 713 1247 841 1285; x_wconf 87' lang='lat' dir='ltr'><strong>Gallia</strong></span> <span class='ocrx_word' id='word_1_158' title='bbox 859 1247 1026 1285; x_wconf 88' lang='lat' dir='ltr'><strong>nuntiari</strong></span> <span class='ocrx_word' id='word_1_159' title='bbox 1043 1259 1120 1285; x_wconf 90' lang='lat' dir='ltr'><strong>non</strong></span> <span class='ocrx_word' id='word_1_160' title='bbox 1137 1260 1369 1299; x_wconf 77' lang='lat' dir='ltr'><strong>magnopere</strong></span> 
     </span>
     <span class='ocr_line' id='line_1_22' title="bbox 259 1299 1368 1350; baseline 0.002 -14"><span class='ocrx_word' id='word_1_161' title='bbox 259 1299 411 1349; x_wconf 86' lang='lat' dir='ltr'><strong>gaudet.</strong></span> <span class='ocrx_word' id='word_1_162' title='bbox 440 1300 558 1350; x_wconf 89' lang='lat' dir='ltr'><strong>Cupit</strong></span> <span class='ocrx_word' id='word_1_163' title='bbox 587 1300 728 1347; x_wconf 89' lang='lat' dir='ltr'><strong>(credo)</strong></span> <span class='ocrx_word' id='word_1_164' title='bbox 749 1300 994 1350; x_wconf 85' lang='lat' dir='ltr'><strong>triumphare.</strong></span> <span class='ocrx_word' id='word_1_165' title='bbox 1025 1300 1112 1338; x_wconf 87' lang='lat' dir='ltr'><strong>Hoc</strong></span> <span class='ocrx_word' id='word_1_166' title='bbox 1130 1301 1266 1339; x_wconf 87' lang='lat' dir='ltr'><strong>vellem</strong></span> <span class='ocrx_word' id='word_1_167' title='bbox 1284 1313 1368 1338; x_wconf 88' lang='lat' dir='ltr'><strong>me-</strong></span> 
     </span>
     <span class='ocr_line' id='line_1_23' title="bbox 258 1352 1366 1404; baseline 0.002 -14"><span class='ocrx_word' id='word_1_168' title='bbox 258 1352 443 1391; x_wconf 87' lang='lat' dir='ltr'><strong>diocrius:</strong></span> <span class='ocrx_word' id='word_1_169' title='bbox 484 1361 618 1391; x_wconf 87' lang='lat' dir='ltr'><strong>caetera</strong></span> <span class='ocrx_word' id='word_1_170' title='bbox 649 1353 810 1404; x_wconf 87' lang='lat' dir='ltr'><strong>egregia.</strong></span> <span class='ocrx_word' id='word_1_171' title='bbox 850 1354 948 1391; x_wconf 92' lang='lat' dir='ltr'><strong>Auli</strong></span> <span class='ocrx_word' id='word_1_172' title='bbox 983 1354 1084 1392; x_wconf 90' lang='lat' dir='ltr'><strong>filius</strong></span> <span class='ocrx_word' id='word_1_173' title='bbox 1116 1366 1203 1392; x_wconf 87' lang='lat' dir='ltr'><strong>vero</strong></span> <span class='ocrx_word' id='word_1_174' title='bbox 1235 1354 1290 1391; x_wconf 83' lang='lat' dir='ltr'><strong>ita</strong></span> <span class='ocrx_word' id='word_1_175' title='bbox 1325 1366 1366 1392; x_wconf 79' lang='lat' dir='ltr'><strong>se</strong></span> 
     </span>
     <span class='ocr_line' id='line_1_24' title="bbox 257 1406 1364 1456; baseline 0.002 -13"><span class='ocrx_word' id='word_1_176' title='bbox 257 1406 367 1455; x_wconf 87' lang='lat' dir='ltr'><strong>gerit,</strong></span> <span class='ocrx_word' id='word_1_177' title='bbox 401 1414 445 1444; x_wconf 85' lang='lat' dir='ltr'><strong>ut</strong></span> <span class='ocrx_word' id='word_1_178' title='bbox 478 1407 559 1456; x_wconf 89' lang='lat' dir='ltr'><strong>ejus</strong></span> <span class='ocrx_word' id='word_1_179' title='bbox 591 1407 808 1446; x_wconf 84' lang='lat' dir='ltr'><strong>consulatus</strong></span> <span class='ocrx_word' id='word_1_180' title='bbox 839 1419 917 1445; x_wconf 90' lang='lat' dir='ltr'><strong>non</strong></span> <span class='ocrx_word' id='word_1_181' title='bbox 954 1407 1172 1446; x_wconf 83' lang='lat' dir='ltr'><strong>consulatus</strong></span> <span class='ocrx_word' id='word_1_182' title='bbox 1203 1407 1265 1456; x_wconf 89' lang='lat' dir='ltr'><strong>sit,</strong></span> <span class='ocrx_word' id='word_1_183' title='bbox 1299 1407 1364 1445; x_wconf 87' lang='lat' dir='ltr'><strong>sed</strong></span> 
     </span>
     <span class='ocr_line' id='line_1_25' title="bbox 262 1458 724 1509; baseline 0.002 -13.007"><span class='ocrx_word' id='word_1_184' title='bbox 262 1458 402 1509; x_wconf 87' lang='lat' dir='ltr'><strong>Magni</strong></span> <span class='ocrx_word' id='word_1_185' title='bbox 419 1460 538 1498; x_wconf 79' lang='lat' dir='ltr'><strong>nostrl</strong></span> <span class='ocrx_word' id='word_1_186' title='bbox 556 1462 724 1498; x_wconf 75' lang='grc' dir='ltr'><strong>ὑπωπιον.</strong></span> 
     </span>
    </p>

    <p class='ocr_par' dir='ltr' id='par_1_7' title="bbox 256 1512 1365 1832">
     <span class='ocr_line' id='line_1_26' title="bbox 311 1512 1364 1565; baseline 0.003 -16"><span class='ocrx_word' id='word_1_187' title='bbox 311 1512 375 1550; x_wconf 91' lang='lat' dir='ltr'><strong>De</strong></span> <span class='ocrx_word' id='word_1_188' title='bbox 402 1514 497 1552; x_wconf 85' lang='lat' dir='ltr'><strong>meis</strong></span> <span class='ocrx_word' id='word_1_189' title='bbox 529 1514 688 1564; x_wconf 86' lang='lat' dir='ltr'><strong>scriptis,</strong></span> <span class='ocrx_word' id='word_1_190' title='bbox 719 1513 806 1552; x_wconf 85' lang='lat' dir='ltr'><strong>misi</strong></span> <span class='ocrx_word' id='word_1_191' title='bbox 836 1514 885 1552; x_wconf 86' lang='lat' dir='ltr'><strong>ad</strong></span> <span class='ocrx_word' id='word_1_192' title='bbox 921 1523 958 1554; x_wconf 90' lang='lat' dir='ltr'><strong>te</strong></span> <span class='ocrx_word' id='word_1_193' title='bbox 991 1515 1123 1553; x_wconf 84' lang='lat' dir='ltr'><strong>Graeee</strong></span> <span class='ocrx_word' id='word_1_194' title='bbox 1153 1513 1364 1565; x_wconf 84' lang='lat' dir='ltr'><strong>perfectum</strong></span> 
     </span>
     <span class='ocr_line' id='line_1_27' title="bbox 259 1565 1364 1607; baseline 0.002 -4"><span class='ocrx_word' id='word_1_195' title='bbox 259 1565 511 1604; x_wconf 89' lang='lat' dir='ltr'><strong>Consulatum</strong></span> <span class='ocrx_word' id='word_1_196' title='bbox 539 1579 696 1605; x_wconf 87' lang='lat' dir='ltr'><strong>meum:</strong></span> <span class='ocrx_word' id='word_1_197' title='bbox 726 1580 813 1605; x_wconf 89' lang='lat' dir='ltr'><strong>eum</strong></span> <span class='ocrx_word' id='word_1_198' title='bbox 832 1568 975 1606; x_wconf 90' lang='lat' dir='ltr'><strong>librum</strong></span> <span class='ocrx_word' id='word_1_199' title='bbox 994 1568 1042 1606; x_wconf 88' lang='lat' dir='ltr'><strong>L.</strong></span> <span class='ocrx_word' id='word_1_200' title='bbox 1064 1567 1236 1607; x_wconf 87' lang='lat' dir='ltr'><strong>Cossinio</strong></span> <span class='ocrx_word' id='word_1_201' title='bbox 1264 1567 1364 1605; x_wconf 82' lang='lat' dir='ltr'><strong>dedi.</strong></span> 
     </span>
     <span class='ocr_line' id='line_1_28' title="bbox 260 1619 1364 1667; baseline 0.003 -11"><span class='ocrx_word' id='word_1_202' title='bbox 260 1619 361 1657; x_wconf 86' lang='lat' dir='ltr'><strong>Puto</strong></span> <span class='ocrx_word' id='word_1_203' title='bbox 379 1626 416 1657; x_wconf 90' lang='lat' dir='ltr'><strong>te</strong></span> <span class='ocrx_word' id='word_1_204' title='bbox 435 1620 584 1658; x_wconf 88' lang='lat' dir='ltr'><strong>Latinis</strong></span> <span class='ocrx_word' id='word_1_205' title='bbox 609 1621 704 1659; x_wconf 88' lang='lat' dir='ltr'><strong>meis</strong></span> <span class='ocrx_word' id='word_1_206' title='bbox 732 1621 934 1667; x_wconf 84' lang='lat' dir='ltr'><strong>delectari3</strong></span> <span class='ocrx_word' id='word_1_207' title='bbox 963 1622 1053 1660; x_wconf 90' lang='lat' dir='ltr'><strong>huic</strong></span> <span class='ocrx_word' id='word_1_208' title='bbox 1074 1628 1203 1659; x_wconf 84' lang='lat' dir='ltr'><strong>autem</strong></span> <span class='ocrx_word' id='word_1_209' title='bbox 1229 1621 1364 1659; x_wconf 85' lang='lat' dir='ltr'><strong>Graeco</strong></span> 
     </span>
     <span class='ocr_line' id='line_1_29' title="bbox 259 1672 1363 1727; baseline 0.002 -17"><span class='ocrx_word' id='word_1_210' title='bbox 259 1672 437 1711; x_wconf 86' lang='lat' dir='ltr'><strong>Graecum</strong></span> <span class='ocrx_word' id='word_1_211' title='bbox 455 1674 634 1712; x_wconf 87' lang='lat' dir='ltr'><strong>invidere.</strong></span> <span class='ocrx_word' id='word_1_212' title='bbox 661 1674 746 1712; x_wconf 89' lang='lat' dir='ltr'><strong>Alii</strong></span> <span class='ocrx_word' id='word_1_213' title='bbox 774 1675 807 1712; x_wconf 86' lang='lat' dir='ltr'><strong>si</strong></span> <span class='ocrx_word' id='word_1_214' title='bbox 831 1675 1058 1727; x_wconf 87' lang='lat' dir='ltr'><strong>scripserint,</strong></span> <span class='ocrx_word' id='word_1_215' title='bbox 1088 1675 1286 1712; x_wconf 88' lang='lat' dir='ltr'><strong>mittemus</strong></span> <span class='ocrx_word' id='word_1_216' title='bbox 1313 1674 1363 1712; x_wconf 87' lang='lat' dir='ltr'><strong>ad</strong></span> 
     </span>
     <span class='ocr_line' id='line_1_30' title="bbox 256 1726 1365 1780; baseline 0.001 -16"><span class='ocrx_word' id='word_1_217' title='bbox 256 1733 317 1771; x_wconf 89' lang='lat' dir='ltr'><strong>te;</strong></span> <span class='ocrx_word' id='word_1_218' title='bbox 348 1726 427 1774; x_wconf 89' lang='lat' dir='ltr'><strong>sed,</strong></span> <span class='ocrx_word' id='word_1_219' title='bbox 447 1727 544 1765; x_wconf 89' lang='lat' dir='ltr'><strong>mihi</strong></span> <span class='ocrx_word' id='word_1_220' title='bbox 562 1727 683 1775; x_wconf 88' lang='lat' dir='ltr'><strong>crede,</strong></span> <span class='ocrx_word' id='word_1_221' title='bbox 707 1728 823 1766; x_wconf 86' lang='lat' dir='ltr'><strong>simul</strong></span> <span class='ocrx_word' id='word_1_222' title='bbox 844 1736 958 1780; x_wconf 85' lang='lat' dir='ltr'><strong>atque</strong></span> <span class='ocrx_word' id='word_1_223' title='bbox 981 1729 1054 1768; x_wconf 89' lang='lat' dir='ltr'><strong>hoc</strong></span> <span class='ocrx_word' id='word_1_224' title='bbox 1071 1736 1242 1767; x_wconf 82' lang='lat' dir='ltr'><strong>nostrum</strong></span> <span class='ocrx_word' id='word_1_225' title='bbox 1260 1727 1365 1779; x_wconf 85' lang='lat' dir='ltr'><strong>lege-</strong></span> 
     </span>
     <span class='ocr_line' id='line_1_31' title="bbox 256 1780 992 1832; baseline 0.006 -16"><span class='ocrx_word' id='word_1_226' title='bbox 256 1786 359 1825; x_wconf 88' lang='lat' dir='ltr'><strong>runt,</strong></span> <span class='ocrx_word' id='word_1_227' title='bbox 380 1780 504 1818; x_wconf 90' lang='lat' dir='ltr'><strong>nescio</strong></span> <span class='ocrx_word' id='word_1_228' title='bbox 522 1794 598 1832; x_wconf 91' lang='lat' dir='ltr'><strong>quo</strong></span> <span class='ocrx_word' id='word_1_229' title='bbox 616 1788 725 1832; x_wconf 85' lang='lat' dir='ltr'><strong>pacto</strong></span> <span class='ocrx_word' id='word_1_230' title='bbox 743 1782 992 1820; x_wconf 83' lang='lat' dir='ltr'><strong>retardantur.</strong></span> 
     </span>
    </p>

    <p class='ocr_par' dir='ltr' id='par_1_8' title="bbox 251 1833 1362 2207">
     <span class='ocr_line' id='line_1_32' title="bbox 309 1833 1362 1886; baseline 0.003 -16"><span class='ocrx_word' id='word_1_231' title='bbox 309 1833 427 1871; x_wconf 85' lang='lat' dir='ltr'><strong>Nunc</strong></span> <span class='ocrx_word' id='word_1_232' title='bbox 441 1841 486 1872; x_wconf 91' lang='lat' dir='ltr'><strong>ut</strong></span> <span class='ocrx_word' id='word_1_233' title='bbox 499 1835 548 1872; x_wconf 79' lang='lat' dir='ltr'><strong>ad.</strong></span> <span class='ocrx_word' id='word_1_234' title='bbox 565 1847 647 1872; x_wconf 91' lang='lat' dir='ltr'><strong>rem</strong></span> <span class='ocrx_word' id='word_1_235' title='bbox 664 1847 791 1873; x_wconf 89' lang='lat' dir='ltr'><strong>meam</strong></span> <span class='ocrx_word' id='word_1_236' title='bbox 808 1835 984 1882; x_wconf 86' lang='lat' dir='ltr'><strong>redeam3</strong></span> <span class='ocrx_word' id='word_1_237' title='bbox 1016 1835 1065 1874; x_wconf 92' lang='lat' dir='ltr'><strong>L.</strong></span> <span class='ocrx_word' id='word_1_238' title='bbox 1081 1834 1258 1886; x_wconf 90' lang='lat' dir='ltr'><strong>Papirius</strong></span> <span class='ocrx_word' id='word_1_239' title='bbox 1276 1834 1362 1873; x_wconf 85' lang='lat' dir='ltr'><strong>Pae-</strong></span> 
     </span>
     <span class='ocr_line' id='line_1_33' title="bbox 254 1886 1360 1940; baseline 0.004 -18"><span class='ocrx_word' id='word_1_240' title='bbox 254 1892 330 1933; x_wconf 85' lang='lat' dir='ltr'><strong>tus,</strong></span> <span class='ocrx_word' id='word_1_241' title='bbox 361 1886 418 1923; x_wconf 84' lang='lat' dir='ltr'><strong>vir</strong></span> <span class='ocrx_word' id='word_1_242' title='bbox 445 1889 582 1934; x_wconf 88' lang='lat' dir='ltr'><strong>bonus,</strong></span> <span class='ocrx_word' id='word_1_243' title='bbox 614 1896 835 1940; x_wconf 89' lang='lat' dir='ltr'><strong>amatorque</strong></span> <span class='ocrx_word' id='word_1_244' title='bbox 855 1896 995 1937; x_wconf 89' lang='lat' dir='ltr'><strong>noster,</strong></span> <span class='ocrx_word' id='word_1_245' title='bbox 1015 1888 1113 1927; x_wconf 86' lang='lat' dir='ltr'><strong>mihi</strong></span> <span class='ocrx_word' id='word_1_246' title='bbox 1138 1889 1256 1926; x_wconf 91' lang='lat' dir='ltr'><strong>libros</strong></span> <span class='ocrx_word' id='word_1_247' title='bbox 1283 1900 1360 1935; x_wconf 88' lang='lat' dir='ltr'><strong>eos,</strong></span> 
     </span>
     <span class='ocr_line' id='line_1_34' title="bbox 253 1940 1362 1993; baseline 0.002 -17"><span class='ocrx_word' id='word_1_248' title='bbox 253 1951 348 1990; x_wconf 90' lang='lat' dir='ltr'><strong>quos</strong></span> <span class='ocrx_word' id='word_1_249' title='bbox 368 1940 445 1978; x_wconf 86' lang='lat' dir='ltr'><strong>Ser.</strong></span> <span class='ocrx_word' id='word_1_250' title='bbox 463 1941 647 1979; x_wconf 88' lang='lat' dir='ltr'><strong>Claudius</strong></span> <span class='ocrx_word' id='word_1_251' title='bbox 666 1942 832 1993; x_wconf 90' lang='lat' dir='ltr'><strong>reliquit,</strong></span> <span class='ocrx_word' id='word_1_252' title='bbox 847 1942 1012 1981; x_wconf 85' lang='lat' dir='ltr'><strong>donavit.</strong></span> <span class='ocrx_word' id='word_1_253' title='bbox 1042 1942 1145 1981; x_wconf 90' lang='lat' dir='ltr'><strong>Cum</strong></span> <span class='ocrx_word' id='word_1_254' title='bbox 1163 1941 1274 1990; x_wconf 90' lang='lat' dir='ltr'><strong>mihi,</strong></span> <span class='ocrx_word' id='word_1_255' title='bbox 1294 1954 1362 1992; x_wconf 89' lang='lat' dir='ltr'><strong>per</strong></span> 
     </span>
     <span class='ocr_line' id='line_1_35' title="bbox 252 1992 1360 2046; baseline 0.003 -18"><span class='ocrx_word' id='word_1_256' title='bbox 252 1992 375 2042; x_wconf 87' lang='lat' dir='ltr'><strong>legem</strong></span> <span class='ocrx_word' id='word_1_257' title='bbox 405 1994 579 2032; x_wconf 82' lang='lat' dir='ltr'><strong>Cinciam</strong></span> <span class='ocrx_word' id='word_1_258' title='bbox 604 1996 715 2033; x_wconf 87' lang='lat' dir='ltr'><strong>licere</strong></span> <span class='ocrx_word' id='word_1_259' title='bbox 743 2009 889 2046; x_wconf 82' lang='lat' dir='ltr'><strong>capere,</strong></span> <span class='ocrx_word' id='word_1_260' title='bbox 920 1996 1075 2035; x_wconf 85' lang='lat' dir='ltr'><strong>Cincius</strong></span> <span class='ocrx_word' id='word_1_261' title='bbox 1099 1994 1244 2033; x_wconf 89' lang='lat' dir='ltr'><strong>amicus</strong></span> <span class='ocrx_word' id='word_1_262' title='bbox 1268 2001 1360 2032; x_wconf 84' lang='lat' dir='ltr'><strong>tuus</strong></span> 
     </span>
     <span class='ocr_line' id='line_1_36' title="bbox 251 2045 1357 2101; baseline 0.004 -20"><span class='ocrx_word' id='word_1_263' title='bbox 251 2045 416 2092; x_wconf 86' lang='lat' dir='ltr'><strong>diceret3</strong></span> <span class='ocrx_word' id='word_1_264' title='bbox 445 2048 619 2095; x_wconf 73' lang='lat' dir='ltr'><strong>libenter,</strong></span> <span class='ocrx_word' id='word_1_265' title='bbox 639 2049 733 2095; x_wconf 80' lang='lat' dir='ltr'><strong>dixi,</strong></span> <span class='ocrx_word' id='word_1_266' title='bbox 750 2062 812 2087; x_wconf 86' lang='lat' dir='ltr'><strong>me</strong></span> <span class='ocrx_word' id='word_1_267' title='bbox 830 2057 1089 2101; x_wconf 87' lang='lat' dir='ltr'><strong>accepturum,</strong></span> <span class='ocrx_word' id='word_1_268' title='bbox 1110 2048 1141 2086; x_wconf 88' lang='grc'><strong>51</strong></span> <span class='ocrx_word' id='word_1_269' title='bbox 1159 2047 1357 2086; x_wconf 86' lang='lat' dir='ltr'><strong>attulisset.</strong></span> 
     </span>
     <span class='ocr_line' id='line_1_37' title="bbox 254 2099 1359 2152; baseline 0.005 -18.005"><span class='ocrx_word' id='word_1_270' title='bbox 254 2099 384 2144; x_wconf 82' lang='lat' dir='ltr'><strong>Nunc,</strong></span> <span class='ocrx_word' id='word_1_271' title='bbox 405 2100 434 2137; x_wconf 86' lang='lat' dir='ltr'><strong>si</strong></span> <span class='ocrx_word' id='word_1_272' title='bbox 453 2113 515 2138; x_wconf 91' lang='lat' dir='ltr'><strong>me</strong></span> <span class='ocrx_word' id='word_1_273' title='bbox 533 2114 652 2149; x_wconf 88' lang='lat' dir='ltr'><strong>amas,</strong></span> <span class='ocrx_word' id='word_1_274' title='bbox 674 2102 704 2140; x_wconf 87' lang='grc'><strong>51</strong></span> <span class='ocrx_word' id='word_1_275' title='bbox 718 2110 755 2140; x_wconf 88' lang='lat' dir='ltr'><strong>te</strong></span> <span class='ocrx_word' id='word_1_276' title='bbox 773 2117 796 2140; x_wconf 91' lang='lat' dir='ltr'><strong>a</strong></span> <span class='ocrx_word' id='word_1_277' title='bbox 814 2116 876 2141; x_wconf 89' lang='lat' dir='ltr'><strong>me</strong></span> <span class='ocrx_word' id='word_1_278' title='bbox 894 2103 1014 2142; x_wconf 87' lang='lat' dir='ltr'><strong>amari</strong></span> <span class='ocrx_word' id='word_1_279' title='bbox 1029 2103 1113 2150; x_wconf 87' lang='grc'>5615,</span> <span class='ocrx_word' id='word_1_280' title='bbox 1133 2101 1273 2140; x_wconf 84' lang='lat' dir='ltr'><strong>enitere</strong></span> <span class='ocrx_word' id='word_1_281' title='bbox 1290 2113 1359 2152; x_wconf 86' lang='lat' dir='ltr'><strong>per</strong></span> 
     </span>
     <span class='ocr_line' id='line_1_38' title="bbox 252 2151 1361 2207; baseline 0.002 -17"><span class='ocrx_word' id='word_1_282' title='bbox 252 2151 328 2190; x_wconf 79' lang='lat' dir='ltr'><strong>ami</strong></span> <span class='ocrx_word' id='word_1_283' title='bbox 330 2165 404 2200; x_wconf 85' lang='lat' dir='ltr'><strong>cos,</strong></span> <span class='ocrx_word' id='word_1_284' title='bbox 425 2154 593 2204; x_wconf 58' lang='lat' dir='ltr'><strong>clientes,</strong></span> <span class='ocrx_word' id='word_1_285' title='bbox 613 2156 792 2207; x_wconf 77' lang='lat' dir='ltr'><strong>hospites,</strong></span> <span class='ocrx_word' id='word_1_286' title='bbox 812 2156 965 2201; x_wconf 85' lang='lat' dir='ltr'><strong>libertos</strong></span> <span class='ocrx_word' id='word_1_287' title='bbox 982 2156 1162 2207; x_wconf 86' lang='lat' dir='ltr'><strong>denique,</strong></span> <span class='ocrx_word' id='word_1_288' title='bbox 1177 2167 1221 2194; x_wconf 86' lang='lat' dir='ltr'><strong>ac</strong></span> <span class='ocrx_word' id='word_1_289' title='bbox 1235 2166 1361 2192; x_wconf 69' lang='lat' dir='ltr'><strong>servos</strong></span> 
     </span>
    </p>
   </div>
  </div>
 </body>
</html>
