1513 2382
249 69 325 107 110
425 66 508 106 AD
538 65 836 106 DIVERSOS.
868 65 968 104 Lm.
990 64 1085 105 XV.
1114 69 1180 106 20.

222 202 224 204 v
246 177 386 229 parari,
401 183 438 214 et
457 188 590 214 verum
618 182 655 213 et
678 174 875 227 probabile
893 180 960 212 est.
991 173 1082 226 Ipse
1099 175 1202 213 enim
1217 174 1363 227 Epicu-

244 244 324 279 rus,
345 245 368 269 a
395 243 473 281 quo
491 242 622 269 omnes
641 228 742 268 Catii
760 236 798 267 et
817 227 1022 277 Amafinii,
1047 229 1142 267 mali
1160 231 1363 267 verborum

246 285 481 337 interpretes,
519 283 822 336 proficiscuntur,
859 281 977 320 dicit:
1019 297 1078 320 ουκ
1109 298 1209 320 εστιν
1237 282 1364 330 ἠδεως,

247 355 324 376 ανευ
344 354 405 377 του
427 344 551 382 καλως
571 354 628 374 και
649 337 801 382 δικαιως,
831 339 892 391 ζην.
922 336 1061 388 Itaque
1079 344 1117 376 et
1136 336 1277 383 Pansa,
1297 336 1366 387 qui

245 392 363 436 ἠδονην
384 392 568 444 sequitur,
599 391 780 429 virtutem
806 380 968 429 18111181·
999 397 1037 428 81
1060 390 1102 438 11,
1123 390 1191 442 qui
1215 404 1239 429 3
1257 389 1367 429 1101115

249 446 394 495 φιληδον
399 462 425 483 οι
457 454 652 493 vocantur,
687 452 777 483 sunt
810 451 878 494 φιλ
883 450 976 481 oua?
980 459 1006 480 οι
1041 460 1101 481 και
1135 444 1365 495 φιλοδικαιοι,

251 512 458 551 omnesque
477 500 634 538 virtutes
652 506 689 537 et
707 500 836 537 colunt
855 504 892 536 et
909 497 1084 536 retinent.

301 554 439 605 Itaque
470 554 592 602 Sulla,
623 554 733 602 cujus
758 552 949 602 judicium
977 553 1138 602 probare
1166 553 1365 598 debemuS,

247 621 336 647 cum
373 608 568 646 dissentire
605 606 851 658 philosophos
889 605 1046 652 videret,
1087 619 1166 644 non
1202 606 1367 657 quaesiit,

248 662 343 713 quid
370 663 515 700 bonum
538 668 659 700 85581.
690 660 820 698 omnia
843 661 945 698 bona
966 659 1130 698 coemit.
1160 661 1272 710 cujus
1299 673 1370 710 ego

246 724 411 754 mortem
439 715 528 753 forti
556 714 825 760 (mehercules)
852 714 981 751 animo
1007 714 1093 752 tuli.
1129 714 1214 752 Nec
1241 721 1369 752 tamen

249 769 376 807 Caesar
407 769 552 807 diutius
586 781 654 807 nos
685 781 773 806 eum
805 767 1016 806 desiderare
1047 767 1236 818 patietur:
1278 780 1370 805 nam

248 823 363 861 habet
382 823 596 869 damnatos,
625 835 722 873 quos
754 834 824 873 pro
850 822 918 859 illo
941 821 1050 859 nobis
1071 822 1273 868 restituat3
1302 833 1371 859 nec

250 876 330 928 ipse
349 885 528 915 sectorem
548 876 786 921 desiderabit,
808 888 896 914 cum
916 875 1041 913 filiurn
1061 875 1207 914 viderit.

305 932 435 978 Nunc,
457 939 500 969 ut
526 930 575 968 ad
594 943 674 968 rem
694 930 888 981 publicam
912 929 1079 977 redeam,
1103 930 1197 981 quid
1219 930 1260 968 in
1280 928 1374 968 His-

249 984 373 1036 paniis
391 991 558 1035 geratur,
578 984 750 1022 rescribe.
779 985 955 1030 Peream,
975 983 1049 1021 11151
1069 983 1250 1023 sollicitus
1266 997 1369 1032 sum,

252 1052 295 1077 ac
323 1040 426 1076 malo
454 1045 619 1076 veterem
649 1046 685 1076 et
722 1039 948 1076 clementem
981 1037 1183 1076 dominum
1215 1038 1370 1083 habere,

253 1105 371 1144 quam
407 1105 553 1130 novum
590 1100 627 1130 et
658 1091 851 1130 crudelem
883 1091 1057 1142 experiri.
1105 1091 1201 1139 Scis,
1232 1092 1374 1131 Cnaeus

254 1159 373 1198 quam
405 1146 454 1184 sit
480 1146 633 1184 fatuus:
669 1146 754 1192 scis,
785 1145 977 1196 quomodo
1004 1144 1267 1184 crudelitatem
1296 1145 1372 1183 vir-

254 1208 377 1238 tutem
395 1207 528 1251 putet:
559 1200 643 1248 seis,
664 1213 782 1251 quam
802 1213 841 1238 se
859 1212 1009 1250 semper
1027 1212 1050 1237 a
1077 1200 1187 1238 nobis
1205 1200 1374 1238 derisum

255 1261 375 1306 putet.
409 1255 567 1301 Vereor,
588 1266 636 1292 ne
654 1265 723 1291 nos
741 1254 878 1292 rustice
895 1253 1023 1304 gladio
1041 1253 1133 1291 velit
1153 1269 1374 1304 αντιμυκτη-

257 1323 370 1358 ρισαι.
398 1307 507 1355 Quid
526 1308 607 1355 fiat,
627 1308 660 1345 si
674 1320 737 1346 me
755 1307 895 1358 diligis,
915 1307 1088 1346 rescribe.

312 1362 396 1399 Hui
413 1362 423 1399 !
446 1374 565 1413 quam
579 1361 695 1400 velim
714 1361 821 1409 scire,
834 1369 966 1399 utrum
980 1361 1053 1399 ista
1071 1360 1230 1399 sollicito
1247 1359 1377 1399 animo

255 1427 305 1453 an
324 1415 447 1453 soluto
471 1416 574 1466 legas
593 1415 602 1452 !
634 1415 750 1454 sciam
780 1415 883 1453 enim
912 1415 1046 1453 eodem
1072 1422 1257 1466 tempore,
1282 1414 1377 1466 quid

256 1481 319 1506 me
337 1468 457 1507 facere
484 1476 666 1520 oporteat.
706 1469 771 1507 Ne
798 1468 946 1520 longior
962 1469 1063 1517 Vsim,
1092 1469 1203 1507 vale:
1234 1475 1272 1506 et
1298 1481 1376 1517 me,

260 1530 304 1561 ut
321 1523 427 1573 facis,
443 1536 542 1561 ama.
572 1522 614 1562 Si
627 1522 755 1562 Caesar
772 1523 876 1572 vicit,
892 1523 1062 1562 celeriter
1079 1535 1144 1562 me
1161 1529 1350 1575 exspecta.

368 1684 487 1737 (20.)
514 1685 575 1724 M.
598 1685 650 1724 T.
670 1685 715 1724 C.
747 1683 1054 1725 TREBONIO
1083 1685 1123 1724 S.
1145 1685 1191 1723 P.
1212 1684 1266 1723 D.

315 1794 640 1845 (Argumentum.
657 1793 904 1840 —Librum,
938 1805 1055 1845 quem
1087 1793 1116 1814 ‘⁶
1136 1791 1378 1831 Oratorem”

257 1847 461 1899 inscripsit,
495 1847 639 1886 mittit:
684 1848 916 1886 Sabinorum
950 1846 1180 1898 probitatem
1215 1845 1374 1884 laudat:

262 1902 465 1940 crebriores
483 1902 610 2006 1138135
625 1901 805 1954 postulat.
833 1901 986 1940 Missa
975 1913 1015 1940 111
1033 1900 1172 1938 Asiam
1191 1907 1276 1951 post
1294 1898 1379 1938 Cae-

257 1955 350 1994 saris
368 1968 510 1995 necem.

314 2066 342 2087 ‘⁶
363 2062 594 2103 Oratorem''
623 2076 756 2103 meum
787 2064 858 2116 (sic
886 2063 989 2102 8111111
1021 2061 1212 2114 inscripsi)
1235 2062 1378 2101 Sabino

257 2126 325 2156 tuo
343 2119 618 2157 commendavi.
648 2117 768 2157 Natio
794 2131 859 2156 me
890 2117 1056 2156 hominis
1083 2117 1253 2168 impulit,
1274 2123 1319 2154 ut
1342 2116 1378 2154 ei

255 2180 354 2212 recte
367 2179 568 2223 putarem:
598 2173 674 2213 nisi
691 2172 801 2222 forte,
827 2171 1116 2212 candidatorum
1134 2170 1286 2211 licentia
1313 2169 1376 2208 hic
