1513 2382
239 94 320 133 218
446 92 530 131 AD
558 89 846 131 ATTICUM.
875 91 1073 131 Lmlll.
1102 93 1140 132 8.

240 202 310 241 ubi
327 200 554 240 dimissurus
569 201 658 248 sim,
675 200 751 239 seio
767 215 778 238 ε
808 200 849 238 id
867 207 923 239 est
933 200 1153 240 maximum
1170 205 1208 238 et
1223 199 1360 238 miser-

240 257 385 296 rimum
403 267 578 294 mearum
597 255 773 293 omnium
791 254 1044 293 miseriarum.
1247 296 1249 299 ¹

295 310 385 361 Ego
403 317 440 349 et
458 309 596 360 saepius
609 309 659 347 ad
677 316 728 357 te,
742 317 780 347 et
796 309 924 360 plura,
939 309 1156 354 scriberem,
1170 306 1245 346 nisi
1261 307 1358 345 mihi

241 365 350 404 dolor
366 377 477 403 meus
494 376 583 401 cum
602 375 733 401 omnes
751 370 877 415 partes
903 363 1058 413 mentis,
1077 370 1164 401 tum
1188 361 1360 400 maxime

240 419 358 469 hujus
375 416 522 470 generis
550 417 786 463 facultatem,
814 417 1031 456 ademisset.
1078 417 1220 455 Videre
1237 423 1275 454 te
1292 428 1360 453 cu-

231 473 319 525 pio.
348 473 454 512 Cura
477 478 522 510 ut
550 471 687 510 valeas.
717 470 811 510 Dat.
832 470 932 523 prid.
953 471 1038 510 Cal.
1058 471 1202 517 Maias,
1229 471 1360 508 Brun-

247 527 346 566 disii.

479 688 566 739 (8.)
596 685 811 727 CICERO
839 687 1062 727 ATTICO
1091 689 1132 728 S.

297 795 513 842 Brundisii
536 796 790 847 proficiscens,
819 795 1042 847 scripseram
1061 795 1110 834 ad
1129 803 1180 844 te,
1201 808 1296 847 quas
1313 797 1362 834 ob

245 865 376 892 causas
407 851 448 888 in
472 850 641 901 Epirum
673 862 750 888 non
782 862 949 888 essemus
976 850 1161 901 profecti;
1190 849 1301 911 quod.
1326 858 1362 888 et

244 906 398 945 Achaia
415 917 535 965 prope
565 917 643 942 esse
644 910 673 951 t,
700 904 814 956 plena
835 904 1203 942 audacissimorum
1192 903 1366 942 mimico-

244 973 347 1006 mm,
369 966 406 997 et
424 959 550 997 exitus
564 958 735 996 difficiles
753 958 923 1004 haberet,
939 971 1027 997 cum
1048 958 1138 997 inde
1151 957 1364 1010 proficisce-

244 1027 387 1054 remur.
426 1012 612 1059 Accessit,
637 1024 726 1050 cum
759 1012 992 1064 Dyrrhachii
1021 1026 1201 1061 essemus,
1221 1019 1266 1049 ut
1287 1012 1366 1050 duo

245 1068 372 1106 nuntii
414 1067 665 1111 afferrentur,
655 1080 665 1089 ·
709 1078 826 1112 unus,
864 1067 982 1105 classe
1019 1066 1176 1105 fratrem
1208 1065 1366 1117 Epheso

248 1123 447 1165 Athenas;
478 1121 586 1166 alter,
621 1120 782 1181 pedibus
810 1133 879 1172 per
903 1120 1190 1169 Macedoniam,
1224 1119 1364 1159 venire.

246 1177 387 1228 Itaque
413 1174 472 1212 illi
498 1174 651 1212 obviam
669 1174 846 1212 misimus
865 1174 1052 1222 Athenas,
1072 1182 1117 1212 ut
1133 1174 1224 1212 inde
1242 1174 1367 1212 Thes-

246 1229 452 1269 salonicam
471 1228 641 1267 veniret:
671 1227 745 1278 ipsi
762 1229 1027 1279 processimus,
1053 1234 1092 1266 et
1117 1228 1366 1266 Thessaloni-

246 1297 332 1322 cam
361 1296 396 1321 a.
420 1282 458 1320 d.
490 1281 533 1319 X
558 1282 642 1320 CaL
670 1282 769 1319 Jun.
801 1282 1002 1320 venimus·
1031 1294 1156 1331 neque
1185 1281 1233 1320 de
1262 1282 1367 1320 illius

245 1338 381 1376 itinere
416 1335 631 1387 quidquam
668 1335 759 1374 certi
793 1335 1045 1384 habebamus,
1076 1335 1152 1374 nisi
1188 1349 1279 1375 eum
1315 1337 1364 1374 ab

246 1391 403 1443 Epheso
421 1397 509 1428 ante
527 1389 723 1441 aliquanto
741 1389 967 1440 profectum-⁷

311 1446 445 1491 Nunc,
475 1443 560 1482 istic
596 1443 691 1495 quid
720 1450 870 1494 agatur,
904 1456 1047 1495 magno
1085 1457 1198 1495 opere
1232 1444 1363 1482 timeo.

246 1499 502 1550 Quamquam
523 1505 568 1536 tu
590 1497 711 1536 altera
741 1498 902 1548 epistola
926 1498 1057 1537 scribis
1087 1498 1224 1536 Idibus
1246 1497 1366 1537 Maiis

244 1553 384 1601 audiri,
403 1552 498 1600 fore,
518 1559 563 1589 ut
580 1551 703 1590 acrius
720 1552 1004 1603 postularetur3
1034 1552 1167 1602 altera,
1184 1553 1267 1601 jam
1285 1565 1367 1590 esse

245 1607 425 1646 mitiora:
456 1605 522 1644 sed
546 1605 629 1644 haec
658 1613 714 1644 est
740 1605 863 1657 pridie
891 1606 994 1654 data,
1024 1619 1144 1658 quam
1167 1606 1259 1644 illa:
1289 1619 1368 1657 quo

245 1663 451 1700 conturbor
468 1659 604 1710 magis,
633 1659 785 1711 Itaque,
799 1672 889 1698 cum
907 1673 1017 1698 meus
1035 1672 1099 1698 me
1116 1672 1255 1699 moeror
1269 1673 1365 1711 quo-

247 1715 417 1754 tidianus
435 1714 576 1752 lacerat
594 1719 631 1752 et
650 1714 813 1761 conficit,
826 1721 912 1752 tum
926 1727 1015 1752 vero
1031 1714 1114 1752 haec
1131 1713 1262 1752 addita
1275 1718 1365 1752 cura

245 1769 314 1808 vix
330 1768 429 1807 mihi
442 1767 561 1805 vitam
579 1768 767 1819 reliquam
785 1767 889 1806 facit.
919 1768 995 1807 Sed
1014 1774 1052 1806 et
1068 1767 1262 1820 navigatio
1279 1780 1366 1819 per-

246 1822 411 1861 difficilis
430 1821 525 1860 fuit:
547 1828 584 1860 et
596 1822 676 1867 ille,
696 1821 861 1860 incertus
878 1821 947 1859 ubi
969 1835 1039 1873 ego
1053 1835 1189 1870 oesem,
1209 1821 1367 1861 fortasse

248 1877 370 1914 alium
399 1887 554 1915 cursum
582 1875 728 1926 petivit.
769 1876 878 1914 Nam
896 1875 1072 1915 Phaetho
1098 1876 1258 1914 libertus
1276 1887 1367 1914 eum

246 1942 324 1968 non
356 1930 475 1975 vidit;
506 1936 619 1968 vento
647 1930 809 1978 rejectus
836 1931 884 1968 ab
916 1929 984 1969 illo
1007 1929 1048 1967 in
1076 1928 1363 1976 Macedoniam,

228 1984 368 2022 .Peuae
385 1984 484 2022 mihi
500 1991 639 2034 praesto
656 1983 744 2021 fuit.

299 2038 470 2089 Reliqua
484 2050 602 2089 quam
616 2037 715 2075 mihi
727 2037 899 2077 timenda
912 2037 1002 2086 sint,
1014 2036 1146 2081 videoz
1175 2049 1259 2085 nec,
1272 2036 1369 2089 quid

228 2091 426 2138 -scribam,
441 2092 592 2135 habeo;
621 2098 660 2130 et
677 2091 813 2130 omnia,
825 2091 942 2130 timeo
955 2105 968 2130 ε
997 2103 1068 2130 nec
1080 2098 1162 2130 tam
1179 2091 1365 2130 miserum

244 2151 301 2183 ωε
319 2144 546 2197 quidquam,
567 2145 672 2196 quod
685 2157 761 2184 non
774 2145 814 2185 in
829 2152 1001 2185 nostram
1018 2144 1214 2185 fortunam
1232 2144 1365 2185 cadere
