1513 2382
283 56 370 96 AD
398 54 700 96 DIVERSOS.
731 55 833 95 Iam.
853 55 977 96 XVI.
1007 58 1073 96 26.
1162 58 1238 96 135

159 164 277 217 (25.)
308 165 524 206 CICERO
550 164 744 206 FILIUS
773 164 990 205 TIRONI
1019 165 1059 204 S.
1077 165 1124 204 P.
1139 164 1192 204 D.

163 273 378 326 (Arg-nme
371 279 493 314 tatcm
507 275 724 314 —Literas
742 287 766 313 a
786 274 933 313 Tirone
952 286 1073 326 quam
1093 274 1240 312 creber-

106 327 224 368 rimas
241 329 434 382 requirit.)

161 435 249 476 Etsi
274 438 383 488 justa
406 446 443 478 et
465 438 605 478 idonea
623 451 716 477 usus
735 450 774 476 es
794 437 1038 477 excusatione
1056 437 1104 476 de
1123 436 1241 475 inter-

107 491 290 531 missione
307 493 508 532 literarum
534 502 706 540 tuarum,
727 501 873 539 tamen,
893 492 934 530 id
953 505 1002 531 ne
1021 492 1160 544 saepius
1185 491 1244 528 fa-

104 545 196 594 cias,
209 560 316 598 rogo.
336 548 460 597 Nam,
478 556 548 587 0151
559 548 607 586 de
619 561 659 586 re
674 547 832 599 publica
850 548 1070 586 rumoribus
1090 554 1128 585 et
1141 558 1245 584 nun-

105 600 168 639 tiis
187 601 324 640 certior
342 601 407 650 fio,
428 611 467 641 et
485 602 534 641 de
552 616 624 641 sua
651 602 692 639 in
717 615 782 641 me
801 603 998 640 voluntate
1024 613 1174 652 semper
1193 599 1244 638 ad

105 667 170 693 me
206 652 406 707 perscribit
435 666 572 709 pater3
603 666 734 695 tamen
760 656 808 694 de
841 669 977 708 quaws
1010 654 1174 694 minima
1203 667 1245 692 re

105 709 247 761 scripta
265 724 288 748 a
315 719 352 750 te
378 711 428 749 ad
450 724 514 750 me
543 712 704 763 epistola
731 724 882 762 semper
911 710 987 748 fuit
1011 710 1241 761 gratissima·

103 763 253 812 Quare,
281 778 371 804 cum
390 766 431 804 in
461 766 599 817 primis
629 775 716 804 tuas
748 765 960 804 desiderem
986 765 1129 811 literas,
1161 763 1242 802 noli

105 819 357 869 committere,
385 828 430 858 ut
459 820 704 859 excusatione
736 820 865 871 potius
888 819 1043 871 expleas
1068 819 1240 858 officium

102 872 307 924 scribendi,
329 887 450 927 quam
468 875 690 914 assiduitate
706 874 969 927 epistolarum.
999 874 1112 913 Vale.

101 1036 222 1090 (26.)
278 1037 541 1088 QUINTUS
571 1038 810 1134 SC113C113RO
864 1037 1082 1079 TIRONI
1130 1035 1240 1078 SUO

155 1201 488 1254 (Argumentum.
500 1203 823 1265 —Negligentiae
851 1203 893 1242 in
926 1200 1126 1241 mittendis
1159 1200 1240 1252 epi-

97 1256 208 1296 stolis
244 1265 413 1306 accusat,
447 1271 544 1311 quas
577 1258 694 1296 etiam
735 1257 816 1297 sine
860 1263 1090 1310 argumento
1125 1254 1239 1296 scribi

98 1311 282 1364 postulat.
312 1312 572 1352 Familiariter
591 1320 629 1352 et
643 1313 802 1363 jooose.)

148 1420 363 1461 Verberavi
380 1429 418 1461 te
436 1421 677 1474 cogitationis
695 1421 811 1461 tacito
829 1421 1022 1461 duntaxat
1041 1419 1228 1468 convicio,

96 1475 204 1528 quod
221 1475 428 1516 fasciculus
444 1478 540 1515 alter
558 1477 609 1515 ad
627 1489 691 1515 me
706 1477 791 1527 jam
811 1476 894 1515 sine
917 1476 994 1515 tuis
1012 1476 1132 1514 literis
1150 1488 1238 1527 per-

93 1530 197 1568 latus
216 1538 285 1570 est.
323 1531 419 1570 Non
445 1539 554 1584 potes
580 1531 749 1582 effugere
767 1531 887 1581 hujus
913 1531 1039 1583 culpae
1066 1542 1237 1582 poenam.

94 1584 159 1623 De
183 1592 361 1636 patrono,
383 1585 546 1625 Marcus
577 1593 633 1624 est
662 1585 929 1624 adhibendus:
961 1585 1086 1647 isque,
1111 1584 1179 1621 diu
1199 1590 1238 1622 et

92 1639 229 1678 multis
243 1639 579 1679 lucubrationibus
598 1640 861 1679 commentata
884 1640 1067 1686 oratione,
1090 1637 1175 1676 vide
1193 1644 1240 1676 ut

93 1695 257 1746 probare
275 1694 409 1746 possit,
430 1702 469 1733 te
497 1707 575 1733 non
594 1708 728 1747 peccas
731 1708 781 1735 se.
812 1694 935 1733 Plane
952 1703 990 1732 te
1009 1706 1118 1745 rogo,
1137 1692 1239 1731 sicut

95 1747 190 1786 olim
221 1757 388 1787 matrem
416 1756 588 1787 nostram
618 1749 741 1787 facere
760 1749 937 1796 memini,
959 1761 1047 1800 quae
1075 1747 1234 1798 lagenas

93 1802 212 1841 etiam
222 1803 357 1842 inanes
375 1804 617 1855 obsignabat,
638 1816 687 1842 ne
706 1803 951 1842 dicerentur
941 1815 1074 1840 inanes
1093 1801 1236 1853 aliquae

91 1856 228 1906 fuisse,
248 1871 338 1909 quae
348 1857 486 1896 furtim
506 1866 630 1897 essent
649 1859 873 1904 exsiccatae3
905 1857 959 1896 sic
977 1865 1036 1904 tu,
1057 1856 1173 1895 etiam
1187 1855 1234 1901 si,

91 1911 197 1964 quod
216 1912 373 1974 scribas,
389 1925 468 1951 non
479 1912 654 1959 habebis,
675 1912 829 1951 scribito
848 1921 994 1961 tamen,
1016 1924 1065 1950 ne
1080 1911 1233 1948 furtum

90 1966 312 2006 cessationis
349 1980 496 2019 quaesn
497 1980 570 2006 1s„e
604 1967 779 2005 videaris.
825 1968 863 2005 V
866 1967 953 2005 alde
990 1965 1094 2005 enim
1131 1963 1231 2003 1111111

91 2033 241 2073 semper
271 2028 310 2060 et
342 2035 432 2060 vera
460 2030 498 2061 et
528 2022 658 2061 dulcia
689 2022 767 2061 tuis
794 2021 964 2074 epistolis
986 2019 1230 2060 nuntiantur.

93 2075 203 2115 Ama
219 2088 306 2125 nos,
322 2085 361 2116 et
372 2076 470 2115 vale.
