1513 2382
229 127 281 165 66
407 125 491 166 AD
518 125 814 166 mvERsos.
844 126 944 166 ιω.
975 125 1094 175 XIV.
1123 129 1162 165 2.

228 233 340 273 cunia
357 245 435 273 non
452 236 603 288 poteris.
631 236 707 274 Per
720 234 894 273 fortunas
904 234 1060 273 miseras
1071 240 1230 283 nostras,
1242 233 1343 284 vide,

228 300 277 327 116
301 301 465 340 puerum
483 290 674 341 perditum
694 288 920 340 perdamus:
951 288 1013 327 cui
1031 288 1062 326 si
1090 288 1236 340 aliquid
1261 288 1345 337 erit,

228 354 276 380 ne
295 350 415 393 egeat,
444 343 623 382 mediocri
642 343 780 381 virtute
798 355 894 393 opus
912 349 981 390 est,
1008 349 1046 380 et
1069 342 1251 381 mediocri
1267 342 1346 380 for-

229 396 337 443 tuna,
358 404 402 433 ut
419 404 553 435 caetera
567 403 827 448 consequatur.

283 450 316 487 F
319 462 362 488 ac
380 451 516 498 valeas,
538 458 575 489 et
593 450 642 488 ad
660 463 722 487 me
747 449 960 488 tabellarios
978 449 1121 498 mittas,
1141 456 1186 488 ut
1211 449 1341 498 sciam,

229 503 323 555 quid
342 512 490 554 agatur,
513 511 548 542 et
576 517 641 542 vos
661 503 754 554 quid
776 503 907 553 agatis.
947 503 1053 540 Mihi
1081 503 1238 542 omnino
1259 504 1343 553 jam

229 557 353 595 brevis
372 558 600 608 exspectatio
620 564 686 595 est.
725 556 906 594 Tulliolae
924 564 961 594 et
981 556 1158 595 Ciceroni
1182 558 1344 596 salutem

229 610 301 648 dic.
331 611 479 649 Valete.
509 611 562 648 D.
579 624 611 648 a.
626 611 663 648 d.
685 610 748 648 VI
767 609 955 648 Calendas
974 610 1218 659 Decembres,
1239 612 1344 662 Dyr-

226 664 381 702 rhachii.
404 664 689 716 Dyrrhachium
709 664 808 710 veni,
829 663 933 715 quod
945 664 1111 702 etlibera
1128 664 1258 703 civitas
1277 671 1344 713 est,

227 725 265 755 et
283 718 323 755 in
342 731 405 756 me
423 718 600 765 officiosa,
622 725 658 756 et
676 717 853 769 proxima
873 717 1006 755 Italiae.
1036 717 1124 766 Sed,
1154 718 1186 756 si
1204 731 1267 756 me
1285 718 1344 756 of-

227 771 358 810 fendet
375 771 448 811 loci
465 772 674 821 celebritas,
695 771 769 809 alio
788 783 851 809 me
869 770 1075 820 conferam,
1091 778 1129 810 et
1142 771 1192 809 ad
1204 779 1242 810 te
1253 771 1343 810 scri-

230 826 334 864 bam.

234 981 322 1035 (2.)
351 984 595 1023 TULLIUS
624 983 929 1023 TEREN'HAE
948 983 1093 1031 suffi,
1112 983 1346 1023 TULLIO.

374 1038 463 1076 LAE
495 1039 565 1077 ET
594 1037 877 1077 CICERONI
905 1038 1049 1086 SUIS‚
1078 1038 1119 1077 5.
1135 1039 1192 1077 1).

283 1145 603 1195 (Argumentum.
618 1166 670 1172 —
684 1145 919 1184 Brevitatem
938 1144 1136 1183 literarum
1160 1152 1338 1184 excusat:

229 1198 377 1237 Pisonis
396 1199 524 1250 generi
543 1199 664 1237 officia
681 1199 838 1237 laudat:
869 1199 970 1236 dolet
986 1198 1179 1237 Terentiae
1192 1199 1339 1238 vicem:

228 1260 548 1355 ggffiltflglsfuam
566 1253 694 1291 dotem
712 1252 900 1304 projiciat,
921 1259 958 1290 et
975 1260 1020 1290 ut
1038 1252 1248 1290 valetudini
1263 1267 1342 1292 suae

281 1413 377 1452 Noli
395 1421 544 1466 putare,
563 1426 627 1452 me
645 1413 694 1452 ad
712 1426 947 1465 quemquam
960 1413 1147 1475 longiores
1166 1413 1342 1465 epistolas

227 1467 401 1515 scribere,
430 1468 517 1515 nisi,
547 1468 579 1506 si
597 1468 682 1520 quis
701 1467 751 1505 ad
767 1480 831 1505 me
849 1468 961 1519 plura
979 1467 1140 1518 scripsit,
1168 1467 1229 1505 cui
1247 1475 1342 1519 puto

226 1521 380 1559 rescribi
409 1530 590 1573 oportere.
619 1522 705 1560 Nec
734 1521 836 1559 enim
865 1521 1001 1567 habeo,
1026 1521 1129 1573 quod
1156 1521 1339 1567 scribam3

227 1586 297 1613 nec
325 1575 397 1613 hoc
428 1583 598 1626 tempore
626 1575 838 1627 quidquam
864 1550 1053 1613 difficilius
1076 1574 1184 1613 facio.
1212 1575 1281 1612 Ad
1304 1581 1342 1613 te

227 1640 330 1675 vero,
350 1636 387 1667 et
405 1629 454 1666 ad
472 1636 641 1667 nostram
663 1628 890 1676 Tulliolam,
910 1641 987 1666 non
1006 1641 1104 1680 queo
1123 1628 1203 1666 sine
1220 1628 1342 1689 pluri-

225 1682 299 1719 mis
317 1656 494 1733 lacrymis
513 1683 683 1720 scribere.
714 1682 795 1720 Vos
825 1682 928 1720 enim
947 1682 1056 1720 video
1081 1695 1159 1720 6556
1177 1681 1345 1720 miserri-

225 1747 324 1782 mas,
345 1749 439 1787 quas
461 1748 530 1786 ego
548 1735 783 1774 beatissimas
802 1748 949 1787 semper
968 1748 1046 1774 esse
1064 1735 1195 1780 volui;
1224 1735 1342 1787 idque

225 1797 404 1840 praestare
421 1788 562 1835 (1611111;
593 1796 643 1839 et,
663 1789 737 1828 11151
755 1796 836 1827 13111
860 1789 986 1827 111111(11
1008 1789 1226 1838 fuissemus,
1245 1802 1344 1840 prae-

226 1841 342 1880 stitiss
344 1855 417 1880 em.

280 1895 460 1934 Pisonem
497 1903 671 1935 nostrum
707 1896 844 1935 merito
880 1897 962 1947 ejus
993 1909 1081 1934 amo
1110 1895 1338 1948 plurimum.

224 1947 348 1997 Eum,
367 1957 410 1987 ut
428 1950 551 2001 potui,
578 1964 646 2001 per
673 1951 802 1989 literas
820 1950 1035 1989 cohortatus
1053 1963 1156 1997 sum,
1182 1950 1342 2001 gratias-

226 2015 303 2054 que
321 2003 395 2054 egi,
415 2011 460 2041 ut
477 2003 603 2042 debui.
644 2005 694 2043 In
712 2005 820 2043 novis
844 2004 1006 2043 tribunis
1029 2003 1150 2056 plebis
1168 2003 1340 2055 intelligo

224 2069 333 2107 spem
352 2064 389 2095 te
406 2056 557 2095 habere.
588 2057 637 2096 Id
651 2058 721 2096 erit
739 2058 909 2106 firmum,
930 2057 962 2096 51
973 2057 1149 2109 Pompeii
1162 2057 1340 2096 voluntas

224 2110 318 2148 erit:
350 2110 415 2148 sed
435 2110 618 2149 Crassum
636 2118 765 2150 tamen
783 2119 926 2150 metuo.
954 2111 995 2149 A
1017 2118 1056 2149 te
1081 2110 1237 2163 quidem
1255 2123 1340 2148 om-

222 2163 289 2201 nia
305 2163 388 2202 fieri
404 2164 605 2203 fortissime
623 2172 660 2203 et
677 2165 937 2205 amantissime
953 2164 1087 2204 video·
1109 2177 1178 2203 nec
1195 2164 1337 2203 miror:

222 2216 287 2256 sed
312 2229 452 2258 moereo
475 2231 606 2259 casum
629 2219 831 2270 ejusmodi,
861 2225 906 2259 ut
930 2218 1046 2259 tantis
1075 2217 1151 2259 tuis
1179 2217 1340 2258 1111561115
