1513 2382
343 83 425 123 AD
456 84 744 124 ATTICUM.
774 85 872 124 Lm.
896 85 969 123 IV.
1003 86 1064 123 16.
1181 84 1263 122 263

143 188 243 229 dicia
259 191 409 243 reliqua
426 192 674 244 impendent:
705 192 880 231 nondum
901 201 958 231 est
975 193 1090 245 plane
1108 191 1265 244 expedi·

144 251 218 282 tus.

198 299 328 348 Dices,
353 299 420 338 Tu
439 313 529 351 ergo
546 300 629 338 haec
654 313 731 352 quo
756 300 870 338 modo
895 299 1004 338 fers?
1034 300 1143 337 Belle
1165 300 1264 351 (1110-

143 351 327 400 hercule),
360 361 397 392 et
427 354 469 391 in
499 367 542 392 eo
571 367 634 392 me
664 355 773 392 valde
805 367 905 392 amo.
945 353 1177 399 Amisimus,
1208 352 1265 390 mi

144 406 351 458 Pomponi,
372 420 542 455 omnem,
561 419 638 446 non
657 408 773 446 modo
793 420 948 446 succum
963 420 1007 445 ac
1022 406 1264 467 sanguinem,

144 460 212 499 sed
240 460 356 499 etiam
388 462 552 499 colorem
583 469 621 500 et
647 462 809 513 speciem
839 461 1055 512 pristinam,
1093 459 1267 498 civitatis.

144 513 270 552 Nulla
288 521 345 552 est
369 515 597 566 respublica,
623 529 710 566 quae
735 515 907 561 delectet,
933 515 975 552 in
1001 528 1079 566 qua
1098 513 1268 574 acquies-

142 579 240 606 cam.
270 567 369 607 Idne
393 569 525 620 igitur,
552 569 715 620 inquies,
744 569 854 607 facile
879 569 989 607 fers?
1030 567 1079 605 Id
1107 568 1264 619 ipsum:

141 621 317 660 recordor
342 622 459 670 enim,
487 635 606 673 quam
630 624 736 661 bella
756 622 962 673 paulisper,
994 621 1104 660 nobis
1129 622 1271 672 guber-

145 675 341 722 nantibus,
362 676 493 714 civitas
518 676 666 722 fuerit3
693 690 781 728 quae
802 676 900 713 mihi
922 675 1044 727 gratia
1061 675 1180 713 relata
1208 674 1270 712 sit.

146 728 295 766 Nullus
313 729 421 767 dolor
439 742 503 767 me
521 730 641 780 angit,
664 742 789 768 unum
811 730 941 768 omnia
958 742 1026 781 pos
1027 742 1093 767 se:
1124 728 1271 766 dirum-

147 789 294 833 puntur
318 782 360 830 11,
377 783 446 834 qui
469 796 533 822 me
560 783 709 835 aliquid
737 796 846 835 posse
876 783 1104 821 doluerunt:
1144 782 1271 820 multa

146 836 245 873 mihi
263 835 357 874 dant
381 837 535 875 solatia:
565 849 634 875 nec
652 845 782 875 tamen
807 850 876 887 ego
895 837 943 875 de
965 849 1052 874 meo
1074 842 1176 874 statu
1205 835 1272 873 de-

149 889 299 941 migro:
331 903 495 942 quaeque
523 890 602 929 vita
630 891 801 929 maxime
829 898 887 928 est
919 889 968 928 ad
1000 897 1193 936 naturam,
1221 888 1271 927 ad

150 956 237 981 eam
258 956 322 982 me
346 944 481 991 refero,
502 952 539 982 et
565 944 694 983 literas
723 952 760 983 et
789 945 917 982 studia
940 951 1094 982 nostra·
1120 942 1271 981 dicendi

147 996 319 1036 laborem
347 997 593 1036 delectatione
620 998 782 1036 oratoria
809 999 994 1037 consolor.
1028 997 1182 1035 Domus
1208 1009 1273 1034 me

150 1058 189 1089 et
206 1064 297 1090 rura
314 1059 442 1090 nostra
456 1051 656 1090 delectant.
687 1052 728 1090 N
730 1065 780 1090 on
799 1052 987 1099 recordor,
1007 1051 1111 1089 unde
1129 1050 1273 1089 cecide-

147 1104 237 1152 rim,
272 1105 338 1144 sed
364 1105 466 1143 unde
499 1105 741 1143 surrexerim.
781 1105 957 1143 Fratrem
985 1117 1139 1143 mecum
1171 1112 1209 1143 et
1236 1111 1274 1143 te

150 1158 184 1196 si
196 1159 359 1208 habebo,
378 1171 447 1210 per
465 1172 529 1196 me
547 1159 618 1197 ista
635 1159 798 1210 pedibus
817 1159 1028 1197 trahantur.
1059 1158 1182 1196 Vobis
1211 1174 1275 1207 εμ-

153 1219 406 1261 φιλοσοφησαι
435 1225 603 1263 possum.
647 1214 774 1251 Locus
801 1213 866 1251 1110
894 1213 1014 1251 animi
1043 1212 1176 1260 nostri,
1198 1219 1275 1249 sto-

150 1265 311 1309 machus
329 1265 397 1304 ubi
414 1266 612 1305 habitabat
633 1267 741 1315 olim,
771 1267 985 1306 concalluit.
1016 1267 1173 1304 Privata
1190 1278 1275 1304 mo-

154 1319 205 1357 do
236 1327 273 1358 et
298 1319 503 1358 domestica
531 1332 599 1358 nos
624 1321 822 1360 delectant.
857 1321 1006 1359 Miram
1034 1320 1275 1359 securitatem

152 1372 326 1419 videbis;
356 1375 466 1424 cujus
492 1375 671 1425 plurimae
691 1376 941 1425 (mehercule)
969 1382 1096 1426 partes
1124 1381 1215 1412 sunt
1235 1374 1277 1411 in

152 1433 220 1465 tuo
238 1427 390 1465 reditu:
421 1440 535 1467 nemo
561 1429 664 1466 enim
688 1429 729 1466 in
757 1430 865 1467 terris
890 1436 947 1467 est
964 1429 1063 1466 mihi
1080 1436 1161 1466 tam
1188 1440 1279 1471 cone

155 1481 414 1520 sentientibus·
424 1482 607 1521 sensibus.
639 1483 714 1521 Sed
733 1483 859 1535 accipe
877 1483 966 1521 alia.

208 1535 288 1573 Res
312 1535 399 1573 fluit
422 1536 471 1573 ad
497 1536 786 1587 interregnumr,
817 1544 854 1575 et
874 1544 930 1575 est
953 1536 1164 1575 nonnullus
1185 1535 1279 1574 odor

156 1587 355 1627 dictaturae
370 1604 382 1627 2
420 1602 542 1628 sermo
570 1591 728 1641 quidem
751 1592 925 1635 multus3
955 1590 1024 1642 qui
1052 1589 1167 1628 etiam
1196 1590 1277 1627 Ga-

157 1641 311 1680 binium
347 1643 453 1694 apud
488 1644 642 1683 timidos
675 1645 823 1694 judices
859 1644 1018 1693 adjuvit.
1070 1643 1278 1682 Candidati

158 1696 373 1734 consulares
399 1709 531 1736 omnes
556 1699 610 1736 rei
631 1698 809 1737 ambitus.
839 1698 1003 1736 Accedit
1021 1697 1136 1736 etiam
1157 1697 1279 1735 Gabi-

158 1749 272 1795 nius;
302 1762 420 1802 quem
449 1751 495 1788 P.
522 1752 645 1799 Sulla,
671 1765 749 1790 non
774 1752 953 1790 dubitans
980 1751 1075 1803 quin
1103 1751 1194 1790 foris
1222 1764 1280 1790 ffi-

160 1811 230 1852 set,
250 1804 475 1855 postularat,
501 1806 778 1844 contradicente
797 1813 834 1844 et
851 1805 949 1843 nihil
967 1805 1161 1844 obtinente
1179 1805 1280 1843 Tor-

162 1865 292 1909 quato.
329 1858 406 1897 Sed
432 1871 564 1898 omnes
592 1861 722 1898 absolv
724 1867 862 1905 entur;
891 1871 960 1897 1100
989 1859 1146 1910 posthac
1175 1859 1280 1910 quis-

160 1924 280 1962 quam
304 1911 563 1962 damnabitur,
583 1914 657 1952 nisi
675 1915 743 1974 qui
760 1888 958 1952 hominem
976 1913 1162 1952 occiderit.
1193 1913 1282 1952 Hoc

163 1972 292 2004 tamen
321 1966 448 2017 agitur
472 1968 661 2006 severius:
704 1967 834 2019 itaque
866 1967 1012 2017 judicia
1039 1968 1173 2006 calent.
1216 1967 1279 2006 M.

164 2018 328 2058 Fulvius
355 2020 534 2059 Nobilior
567 2021 840 2060 condemnatus
869 2029 951 2060 oet:
981 2021 1097 2059 multi
1123 2020 1189 2059 3111
1215 2034 1281 2058 ur-

164 2072 255 2111 bani
283 2085 332 2112 ne
359 2074 589 2126 respondent
616 2075 785 2127 quidem.
825 2074 933 2124 Quid
958 2075 1063 2114 aliud
1084 2075 1205 2113 novi?
1244 2082 1281 2112 et

166 2132 307 2165 tamen.
338 2127 526 2166 Absoluw
545 2128 726 2177 Gabinio,
747 2130 1021 2168 stomachantes
1040 2128 1106 2167 3111
1119 2128 1281 2178 judicet-2,
