<?xml version="1.0" encoding="UTF-8"?>
<!DOCTYPE html PUBLIC "-//W3C//DTD XHTML 1.0 Transitional//EN"
    "http://www.w3.org/TR/xhtml1/DTD/xhtml1-transitional.dtd">
<html xmlns="http://www.w3.org/1999/xhtml" xml:lang="en" lang="en">
 <head>
  <title>
</title>
<meta http-equiv="Content-Type" content="text/html;charset=utf-8" />
  <meta name='ocr-system' content='tesseract 3.04.00' />
  <meta name='ocr-capabilities' content='ocr_page ocr_carea ocr_par ocr_line ocrx_word'/>
</head>
<body>
  <div class='ocr_page' id='page_1' title='image "./operaern10ciceuoft_0182.png"; bbox 0 0 1513 2382; ppageno 0'>
   <div class='ocr_carea' id='block_1_1' title="bbox 252 107 1148 146">
    <p class='ocr_par' dir='ltr' id='par_1_1' title="bbox 252 107 1148 146">
     <span class='ocr_line' id='line_1_1' title="bbox 252 107 1148 146; baseline -0.001 -1"><span class='ocrx_word' id='word_1_1' title='bbox 252 108 326 146; x_wconf 82' lang='lat'><strong>168</strong></span> <span class='ocrx_word' id='word_1_2' title='bbox 475 107 555 146; x_wconf 90' lang='lat' dir='ltr'><strong>AD</strong></span> <span class='ocrx_word' id='word_1_3' title='bbox 583 107 868 146; x_wconf 84' lang='lat' dir='ltr'><strong>ATTICUM.</strong></span> <span class='ocrx_word' id='word_1_4' title='bbox 897 107 995 145; x_wconf 78' lang='lat' dir='ltr'><strong>Lm.</strong></span> <span class='ocrx_word' id='word_1_5' title='bbox 1022 107 1054 145; x_wconf 94' lang='grc' dir='ltr'><strong>Ι.</strong></span> <span class='ocrx_word' id='word_1_6' title='bbox 1087 107 1148 145; x_wconf 89' lang='lat'><strong>18.</strong></span> 
     </span>
    </p>
   </div>
   <div class='ocr_carea' id='block_1_2' title="bbox 243 214 1363 2251">
    <p class='ocr_par' dir='ltr' id='par_1_2' title="bbox 243 214 1356 963">
     <span class='ocr_line' id='line_1_2' title="bbox 300 214 1353 267; baseline -0.001 -13"><span class='ocrx_word' id='word_1_7' title='bbox 300 215 373 254; x_wconf 89' lang='lat' dir='ltr'><strong>Est</strong></span> <span class='ocrx_word' id='word_1_8' title='bbox 389 223 518 254; x_wconf 87' lang='lat' dir='ltr'><strong>autem</strong></span> <span class='ocrx_word' id='word_1_9' title='bbox 546 215 591 254; x_wconf 90' lang='lat' dir='ltr'><strong>C.</strong></span> <span class='ocrx_word' id='word_1_10' title='bbox 614 215 831 253; x_wconf 77' lang='lat' dir='ltr'>Herennius</span> <span class='ocrx_word' id='word_1_11' title='bbox 849 214 1007 266; x_wconf 87' lang='lat' dir='ltr'><strong>quidam</strong></span> <span class='ocrx_word' id='word_1_12' title='bbox 1026 214 1202 253; x_wconf 88' lang='lat' dir='ltr'><strong>tribunus</strong></span> <span class='ocrx_word' id='word_1_13' title='bbox 1218 215 1353 267; x_wconf 88' lang='lat' dir='ltr'><strong>plebis,</strong></span> 
     </span>
     <span class='ocr_line' id='line_1_3' title="bbox 246 268 1354 320; baseline 0.001 -14"><span class='ocrx_word' id='word_1_14' title='bbox 246 281 363 320; x_wconf 90' lang='lat' dir='ltr'><strong>quem</strong></span> <span class='ocrx_word' id='word_1_15' title='bbox 393 277 435 307; x_wconf 91' lang='lat' dir='ltr'><strong>tu</strong></span> <span class='ocrx_word' id='word_1_16' title='bbox 464 269 618 308; x_wconf 84' lang='lat' dir='ltr'><strong>fortasse</strong></span> <span class='ocrx_word' id='word_1_17' title='bbox 643 281 690 306; x_wconf 89' lang='lat' dir='ltr'><strong>ne</strong></span> <span class='ocrx_word' id='word_1_18' title='bbox 719 269 817 306; x_wconf 66' lang='lat' dir='ltr'><strong>ndsti</strong></span> <span class='ocrx_word' id='word_1_19' title='bbox 847 268 1017 320; x_wconf 86' lang='lat' dir='ltr'><strong>quidem,</strong></span> <span class='ocrx_word' id='word_1_20' title='bbox 1054 268 1221 320; x_wconf 86' lang='lat' dir='ltr'><strong>(tametsi</strong></span> <span class='ocrx_word' id='word_1_21' title='bbox 1248 275 1354 320; x_wconf 64' lang='lat' dir='ltr'><strong>potes</strong></span> 
     </span>
     <span class='ocr_line' id='line_1_4' title="bbox 245 322 1351 373; baseline 0.001 -14"><span class='ocrx_word' id='word_1_22' title='bbox 245 324 381 368; x_wconf 74' lang='grc' dir='ltr'>11655ος</span> <span class='ocrx_word' id='word_1_23' title='bbox 415 323 561 361; x_wconf 76' lang='lat' dir='ltr'><strong>tribulis</strong></span> <span class='ocrx_word' id='word_1_24' title='bbox 579 322 681 361; x_wconf 88' lang='lat' dir='ltr'><strong>enim</strong></span> <span class='ocrx_word' id='word_1_25' title='bbox 696 329 784 361; x_wconf 86' lang='lat' dir='ltr'><strong>tuus</strong></span> <span class='ocrx_word' id='word_1_26' title='bbox 798 330 877 367; x_wconf 89' lang='lat' dir='ltr'><strong>est;</strong></span> <span class='ocrx_word' id='word_1_27' title='bbox 908 330 945 360; x_wconf 89' lang='lat' dir='ltr'><strong>et</strong></span> <span class='ocrx_word' id='word_1_28' title='bbox 964 323 1115 368; x_wconf 82' lang='lat' dir='ltr'><strong>Sextus,</strong></span> <span class='ocrx_word' id='word_1_29' title='bbox 1132 329 1238 373; x_wconf 87' lang='lat' dir='ltr'><strong>pater</strong></span> <span class='ocrx_word' id='word_1_30' title='bbox 1255 323 1351 371; x_wconf 86' lang='lat' dir='ltr'><strong>ejus,</strong></span> 
     </span>
     <span class='ocr_line' id='line_1_5' title="bbox 247 375 1346 426; baseline 0.001 -14"><span class='ocrx_word' id='word_1_31' title='bbox 247 387 425 414; x_wconf 88' lang='lat' dir='ltr'><strong>nummos</strong></span> <span class='ocrx_word' id='word_1_32' title='bbox 453 377 558 414; x_wconf 91' lang='lat' dir='ltr'><strong>vobis</strong></span> <span class='ocrx_word' id='word_1_33' title='bbox 590 376 754 413; x_wconf 88' lang='lat' dir='ltr'><strong>dividere</strong></span> <span class='ocrx_word' id='word_1_34' title='bbox 783 375 959 425; x_wconf 85' lang='lat' dir='ltr'>solebat.)</span> <span class='ocrx_word' id='word_1_35' title='bbox 987 377 1028 414; x_wconf 92' lang='lat' dir='ltr'><strong>Is</strong></span> <span class='ocrx_word' id='word_1_36' title='bbox 1056 376 1104 413; x_wconf 87' lang='lat' dir='ltr'><strong>ad</strong></span> <span class='ocrx_word' id='word_1_37' title='bbox 1128 376 1281 426; x_wconf 89' lang='lat' dir='ltr'><strong>plebem</strong></span> <span class='ocrx_word' id='word_1_38' title='bbox 1300 376 1346 413; x_wconf 88' lang='lat' dir='ltr'><strong>P.</strong></span> 
     </span>
     <span class='ocr_line' id='line_1_6' title="bbox 243 428 1353 480; baseline 0.001 -14"><span class='ocrx_word' id='word_1_39' title='bbox 243 428 428 468; x_wconf 79' lang='lat' dir='ltr'><strong>Clodium</strong></span> <span class='ocrx_word' id='word_1_40' title='bbox 446 429 631 474; x_wconf 76' lang='lat' dir='ltr'><strong>traducit3</strong></span> <span class='ocrx_word' id='word_1_41' title='bbox 661 429 839 479; x_wconf 88' lang='lat' dir='ltr'><strong>idemque</strong></span> <span class='ocrx_word' id='word_1_42' title='bbox 857 429 943 476; x_wconf 83' lang='lat' dir='ltr'><strong>fert,</strong></span> <span class='ocrx_word' id='word_1_43' title='bbox 959 436 1003 467; x_wconf 92' lang='lat' dir='ltr'><strong>ut</strong></span> <span class='ocrx_word' id='word_1_44' title='bbox 1016 429 1212 467; x_wconf 82' lang='lat' dir='ltr'><strong>universus</strong></span> <span class='ocrx_word' id='word_1_45' title='bbox 1229 442 1353 480; x_wconf 88' lang='lat' dir='ltr'><strong>popu-</strong></span> 
     </span>
     <span class='ocr_line' id='line_1_7' title="bbox 245 482 1351 534; baseline 0.002 -14"><span class='ocrx_word' id='word_1_46' title='bbox 245 483 306 521; x_wconf 90' lang='lat' dir='ltr'><strong>lus</strong></span> <span class='ocrx_word' id='word_1_47' title='bbox 323 483 363 521; x_wconf 92' lang='lat' dir='ltr'><strong>in</strong></span> <span class='ocrx_word' id='word_1_48' title='bbox 384 484 531 534; x_wconf 85' lang='lat' dir='ltr'><strong>Campo</strong></span> <span class='ocrx_word' id='word_1_49' title='bbox 559 483 704 521; x_wconf 88' lang='lat' dir='ltr'><strong>Martio</strong></span> <span class='ocrx_word' id='word_1_50' title='bbox 723 482 945 533; x_wconf 86' lang='lat' dir='ltr'><strong>suffragium</strong></span> <span class='ocrx_word' id='word_1_51' title='bbox 964 482 1011 520; x_wconf 91' lang='lat' dir='ltr'><strong>de</strong></span> <span class='ocrx_word' id='word_1_52' title='bbox 1035 496 1074 520; x_wconf 90' lang='lat' dir='ltr'><strong>re</strong></span> <span class='ocrx_word' id='word_1_53' title='bbox 1100 482 1224 521; x_wconf 83' lang='lat' dir='ltr'><strong>Clodii</strong></span> <span class='ocrx_word' id='word_1_54' title='bbox 1242 483 1351 522; x_wconf 86' lang='lat' dir='ltr'><strong>ferat.</strong></span> 
     </span>
     <span class='ocr_line' id='line_1_8' title="bbox 247 536 1353 588; baseline 0.001 -15"><span class='ocrx_word' id='word_1_55' title='bbox 247 536 366 575; x_wconf 89' lang='lat' dir='ltr'><strong>Hunc</strong></span> <span class='ocrx_word' id='word_1_56' title='bbox 385 550 454 588; x_wconf 89' lang='lat' dir='ltr'><strong>ego</strong></span> <span class='ocrx_word' id='word_1_57' title='bbox 479 536 604 588; x_wconf 86' lang='lat' dir='ltr'><strong>accepi</strong></span> <span class='ocrx_word' id='word_1_58' title='bbox 632 536 672 573; x_wconf 90' lang='lat' dir='ltr'><strong>in</strong></span> <span class='ocrx_word' id='word_1_59' title='bbox 703 543 849 582; x_wconf 85' lang='lat' dir='ltr'><strong>senatu,</strong></span> <span class='ocrx_word' id='word_1_60' title='bbox 869 543 913 573; x_wconf 91' lang='lat' dir='ltr'><strong>ut</strong></span> <span class='ocrx_word' id='word_1_61' title='bbox 932 536 1058 579; x_wconf 86' lang='lat' dir='ltr'><strong>soleo:</strong></span> <span class='ocrx_word' id='word_1_62' title='bbox 1089 537 1154 574; x_wconf 90' lang='lat' dir='ltr'><strong>sed</strong></span> <span class='ocrx_word' id='word_1_63' title='bbox 1180 537 1277 574; x_wconf 88' lang='lat' dir='ltr'>nihil</span> <span class='ocrx_word' id='word_1_64' title='bbox 1295 545 1353 574; x_wconf 90' lang='lat' dir='ltr'><strong>est</strong></span> 
     </span>
     <span class='ocr_line' id='line_1_9' title="bbox 245 589 1353 641; baseline 0 -13"><span class='ocrx_word' id='word_1_65' title='bbox 245 590 312 627; x_wconf 86' lang='lat' dir='ltr'><strong>illo</strong></span> <span class='ocrx_word' id='word_1_66' title='bbox 330 589 484 628; x_wconf 88' lang='lat' dir='ltr'><strong>homine</strong></span> <span class='ocrx_word' id='word_1_67' title='bbox 501 591 652 628; x_wconf 83' lang='lat' dir='ltr'><strong>lentius.</strong></span> <span class='ocrx_word' id='word_1_68' title='bbox 684 589 866 627; x_wconf 84' lang='lat' dir='ltr'><strong>Metellus</strong></span> <span class='ocrx_word' id='word_1_69' title='bbox 888 597 943 627; x_wconf 89' lang='lat' dir='ltr'><strong>est</strong></span> <span class='ocrx_word' id='word_1_70' title='bbox 961 589 1092 628; x_wconf 91' lang='lat' dir='ltr'><strong>consul</strong></span> <span class='ocrx_word' id='word_1_71' title='bbox 1109 589 1294 641; x_wconf 84' lang='lat' dir='ltr'><strong>egregius,</strong></span> <span class='ocrx_word' id='word_1_72' title='bbox 1315 597 1353 628; x_wconf 89' lang='lat' dir='ltr'><strong>et</strong></span> 
     </span>
     <span class='ocr_line' id='line_1_10' title="bbox 246 642 1352 695; baseline 0.001 -15"><span class='ocrx_word' id='word_1_73' title='bbox 246 655 315 681; x_wconf 84' lang='lat' dir='ltr'><strong>nos</strong></span> <span class='ocrx_word' id='word_1_74' title='bbox 334 651 464 688; x_wconf 86' lang='lat' dir='ltr'><strong>amat,</strong></span> <span class='ocrx_word' id='word_1_75' title='bbox 453 657 463 667; x_wconf 88' lang='lat'><strong>·</strong></span> <span class='ocrx_word' id='word_1_76' title='bbox 495 643 559 681; x_wconf 88' lang='lat' dir='ltr'><strong>sed</strong></span> <span class='ocrx_word' id='word_1_77' title='bbox 587 642 784 680; x_wconf 88' lang='lat' dir='ltr'><strong>imminuit</strong></span> <span class='ocrx_word' id='word_1_78' title='bbox 813 643 1074 681; x_wconf 79' lang='lat' dir='ltr'><strong>auctoritatem</strong></span> <span class='ocrx_word' id='word_1_79' title='bbox 1096 656 1219 691; x_wconf 82' lang='lat' dir='ltr'><strong>suam,</strong></span> <span class='ocrx_word' id='word_1_80' title='bbox 1249 643 1352 695; x_wconf 91' lang='lat' dir='ltr'><strong>quod</strong></span> 
     </span>
     <span class='ocr_line' id='line_1_11' title="bbox 245 696 1354 747; baseline -0.001 -12"><span class='ocrx_word' id='word_1_81' title='bbox 245 696 374 745; x_wconf 81' lang='lat' dir='ltr'><strong>habet,</strong></span> <span class='ocrx_word' id='word_1_82' title='bbox 395 697 486 735; x_wconf 85' lang='lat' dir='ltr'><strong>dicis</strong></span> <span class='ocrx_word' id='word_1_83' title='bbox 506 710 632 744; x_wconf 87' lang='lat' dir='ltr'><strong>causa,</strong></span> <span class='ocrx_word' id='word_1_84' title='bbox 659 696 946 747; x_wconf 88' lang='lat' dir='ltr'><strong>promulgatum</strong></span> <span class='ocrx_word' id='word_1_85' title='bbox 963 696 1062 734; x_wconf 91' lang='lat' dir='ltr'><strong>illud</strong></span> <span class='ocrx_word' id='word_1_86' title='bbox 1078 696 1180 735; x_wconf 90' lang='lat' dir='ltr'><strong>idem</strong></span> <span class='ocrx_word' id='word_1_87' title='bbox 1198 696 1246 734; x_wconf 89' lang='lat' dir='ltr'><strong>de</strong></span> <span class='ocrx_word' id='word_1_88' title='bbox 1264 697 1354 735; x_wconf 91' lang='lat' dir='ltr'><strong>Clo-</strong></span> 
     </span>
     <span class='ocr_line' id='line_1_12' title="bbox 245 748 1354 801; baseline 0 -13"><span class='ocrx_word' id='word_1_89' title='bbox 245 750 321 788; x_wconf 87' lang='lat' dir='ltr'><strong>dio.</strong></span> <span class='ocrx_word' id='word_1_90' title='bbox 350 750 449 788; x_wconf 85' lang='grc' dir='ltr'>Α1111</span> <span class='ocrx_word' id='word_1_91' title='bbox 481 758 609 788; x_wconf 89' lang='lat' dir='ltr'><strong>autem</strong></span> <span class='ocrx_word' id='word_1_92' title='bbox 636 749 738 787; x_wconf 81' lang='lat' dir='ltr'><strong>filius</strong></span> <span class='ocrx_word' id='word_1_93' title='bbox 763 750 804 801; x_wconf 93' lang='lat' dir='ltr'><strong>(o</strong></span> <span class='ocrx_word' id='word_1_94' title='bbox 834 749 903 786; x_wconf 91' lang='lat' dir='ltr'><strong>Dii</strong></span> <span class='ocrx_word' id='word_1_95' title='bbox 926 749 1161 788; x_wconf 82' lang='lat' dir='ltr'><strong>immortales</strong></span> <span class='ocrx_word' id='word_1_96' title='bbox 1174 748 1207 800; x_wconf 72' lang='lat'><strong>2)</strong></span> <span class='ocrx_word' id='word_1_97' title='bbox 1235 762 1354 801; x_wconf 85' lang='lat' dir='ltr'><strong>quam</strong></span> 
     </span>
     <span class='ocr_line' id='line_1_13' title="bbox 246 802 1356 855; baseline 0 -15"><span class='ocrx_word' id='word_1_98' title='bbox 246 803 422 854; x_wconf 87' lang='lat' dir='ltr'><strong>ignavus,</strong></span> <span class='ocrx_word' id='word_1_99' title='bbox 455 817 499 842; x_wconf 89' lang='lat' dir='ltr'><strong>ac</strong></span> <span class='ocrx_word' id='word_1_100' title='bbox 527 804 606 842; x_wconf 89' lang='lat' dir='ltr'><strong>sine</strong></span> <span class='ocrx_word' id='word_1_101' title='bbox 634 803 762 841; x_wconf 91' lang='lat' dir='ltr'><strong>animo</strong></span> <span class='ocrx_word' id='word_1_102' title='bbox 790 802 928 840; x_wconf 80' lang='lat' dir='ltr'><strong>miles!</strong></span> <span class='ocrx_word' id='word_1_103' title='bbox 959 816 1077 854; x_wconf 87' lang='lat' dir='ltr'><strong>quam</strong></span> <span class='ocrx_word' id='word_1_104' title='bbox 1105 803 1258 854; x_wconf 85' lang='lat' dir='ltr'><strong>dignus,</strong></span> <span class='ocrx_word' id='word_1_105' title='bbox 1287 803 1356 855; x_wconf 92' lang='lat' dir='ltr'><strong>qui</strong></span> 
     </span>
     <span class='ocr_line' id='line_1_14' title="bbox 248 855 1356 909; baseline -0.001 -14"><span class='ocrx_word' id='word_1_106' title='bbox 248 858 429 896; x_wconf 85' lang='lat' dir='ltr'><strong>Palicano</strong></span> <span class='ocrx_word' id='word_1_107' title='bbox 447 859 564 906; x_wconf 88' lang='lat' dir='ltr'><strong>(sicut</strong></span> <span class='ocrx_word' id='word_1_108' title='bbox 591 855 699 906; x_wconf 81' lang='lat' dir='ltr'><strong>facit)</strong></span> <span class='ocrx_word' id='word_1_109' title='bbox 719 869 762 896; x_wconf 89' lang='lat' dir='ltr'><strong>os</strong></span> <span class='ocrx_word' id='word_1_110' title='bbox 783 856 832 894; x_wconf 90' lang='lat' dir='ltr'><strong>ad</strong></span> <span class='ocrx_word' id='word_1_111' title='bbox 849 857 950 895; x_wconf 88' lang='lat' dir='ltr'><strong>male</strong></span> <span class='ocrx_word' id='word_1_112' title='bbox 967 857 1202 896; x_wconf 85' lang='lat' dir='ltr'><strong>audiendum</strong></span> <span class='ocrx_word' id='word_1_113' title='bbox 1229 857 1356 909; x_wconf 89' lang='lat' dir='ltr'><strong>quoti-</strong></span> 
     </span>
     <span class='ocr_line' id='line_1_15' title="bbox 249 910 522 963; baseline 0.007 -16"><span class='ocrx_word' id='word_1_114' title='bbox 249 910 311 948; x_wconf 84' lang='lat' dir='ltr'><strong>die</strong></span> <span class='ocrx_word' id='word_1_115' title='bbox 329 913 495 963; x_wconf 86' lang='lat' dir='ltr'><strong>praebeat</strong></span> <span class='ocrx_word' id='word_1_116' title='bbox 513 912 522 949; x_wconf 91' lang='lat'><strong>!</strong></span> 
     </span>
    </p>

    <p class='ocr_par' dir='ltr' id='par_1_3' title="bbox 245 963 1357 1431">
     <span class='ocr_line' id='line_1_16' title="bbox 300 963 1354 1017; baseline 0.001 -15"><span class='ocrx_word' id='word_1_117' title='bbox 300 965 466 1016; x_wconf 87' lang='lat' dir='ltr'><strong>Agraria</strong></span> <span class='ocrx_word' id='word_1_118' title='bbox 502 973 631 1004; x_wconf 86' lang='lat' dir='ltr'><strong>autem</strong></span> <span class='ocrx_word' id='word_1_119' title='bbox 665 963 908 1017; x_wconf 84' lang='lat' dir='ltr'><strong>promulgata</strong></span> <span class='ocrx_word' id='word_1_120' title='bbox 943 971 999 1003; x_wconf 90' lang='lat' dir='ltr'><strong>est</strong></span> <span class='ocrx_word' id='word_1_121' title='bbox 1033 978 1057 1003; x_wconf 89' lang='lat' dir='ltr'><strong>a</strong></span> <span class='ocrx_word' id='word_1_122' title='bbox 1085 964 1233 1013; x_wconf 86' lang='lat' dir='ltr'><strong>Flavio,</strong></span> <span class='ocrx_word' id='word_1_123' title='bbox 1266 976 1354 1003; x_wconf 87' lang='lat' dir='ltr'><strong>sane</strong></span> 
     </span>
     <span class='ocr_line' id='line_1_17' title="bbox 247 1018 1354 1070; baseline 0 -14"><span class='ocrx_word' id='word_1_124' title='bbox 247 1018 354 1066; x_wconf 89' lang='lat' dir='ltr'><strong>levis,</strong></span> <span class='ocrx_word' id='word_1_125' title='bbox 389 1019 521 1058; x_wconf 87' lang='lat' dir='ltr'><strong>eadem</strong></span> <span class='ocrx_word' id='word_1_126' title='bbox 557 1019 648 1066; x_wconf 86' lang='lat' dir='ltr'><strong>fere,</strong></span> <span class='ocrx_word' id='word_1_127' title='bbox 687 1032 773 1070; x_wconf 86' lang='lat' dir='ltr'><strong>quae</strong></span> <span class='ocrx_word' id='word_1_128' title='bbox 809 1019 883 1056; x_wconf 90' lang='lat' dir='ltr'><strong>fuit</strong></span> <span class='ocrx_word' id='word_1_129' title='bbox 923 1018 1061 1057; x_wconf 88' lang='lat' dir='ltr'><strong>Plotia.</strong></span> <span class='ocrx_word' id='word_1_130' title='bbox 1101 1018 1177 1057; x_wconf 87' lang='lat' dir='ltr'><strong>Sed</strong></span> <span class='ocrx_word' id='word_1_131' title='bbox 1212 1018 1354 1056; x_wconf 62' lang='lat' dir='ltr'><strong>interm</strong></span> 
     </span>
     <span class='ocr_line' id='line_1_18' title="bbox 246 1072 1354 1124; baseline 0.001 -15"><span class='ocrx_word' id='word_1_132' title='bbox 246 1079 440 1115; x_wconf 72' lang='grc' dir='ltr'><strong>’πολιτικος</strong></span> <span class='ocrx_word' id='word_1_133' title='bbox 468 1088 551 1123; x_wconf 68' lang='lat' dir='ltr'><strong>amp</strong></span> <span class='ocrx_word' id='word_1_134' title='bbox 584 1073 648 1110; x_wconf 75' lang='grc' dir='ltr'><strong>ουδ’</strong></span> <span class='ocrx_word' id='word_1_135' title='bbox 682 1087 762 1122; x_wconf 66' lang='lat' dir='ltr'><strong>ova?</strong></span> <span class='ocrx_word' id='word_1_136' title='bbox 794 1072 998 1124; x_wconf 79' lang='lat' dir='ltr'><strong>quisquam</strong></span> <span class='ocrx_word' id='word_1_137' title='bbox 1029 1072 1189 1110; x_wconf 78' lang='lat' dir='ltr'><strong>inveniri</strong></span> <span class='ocrx_word' id='word_1_138' title='bbox 1219 1079 1354 1124; x_wconf 75' lang='lat' dir='ltr'><strong>potest.</strong></span> 
     </span>
     <span class='ocr_line' id='line_1_19' title="bbox 245 1125 1357 1176; baseline 0.001 -13"><span class='ocrx_word' id='word_1_139' title='bbox 245 1125 329 1172; x_wconf 88' lang='lat' dir='ltr'><strong>Qui</strong></span> <span class='ocrx_word' id='word_1_140' title='bbox 346 1133 507 1176; x_wconf 87' lang='lat' dir='ltr'><strong>poterat,</strong></span> <span class='ocrx_word' id='word_1_141' title='bbox 533 1126 729 1164; x_wconf 85' lang='lat' dir='ltr'><strong>familiaris</strong></span> <span class='ocrx_word' id='word_1_142' title='bbox 755 1133 881 1163; x_wconf 89' lang='lat' dir='ltr'><strong>noster</strong></span> <span class='ocrx_word' id='word_1_143' title='bbox 899 1125 968 1169; x_wconf 86' lang='lat' dir='ltr'><strong>(sic</strong></span> <span class='ocrx_word' id='word_1_144' title='bbox 986 1133 1041 1164; x_wconf 93' lang='lat' dir='ltr'><strong>est</strong></span> <span class='ocrx_word' id='word_1_145' title='bbox 1060 1126 1188 1172; x_wconf 91' lang='lat' dir='ltr'><strong>enim;</strong></span> <span class='ocrx_word' id='word_1_146' title='bbox 1217 1126 1303 1164; x_wconf 91' lang='lat' dir='ltr'><strong>volo</strong></span> <span class='ocrx_word' id='word_1_147' title='bbox 1320 1133 1357 1164; x_wconf 88' lang='lat' dir='ltr'><strong>te</strong></span> 
     </span>
     <span class='ocr_line' id='line_1_20' title="bbox 246 1178 1357 1230; baseline 0.001 -14"><span class='ocrx_word' id='word_1_148' title='bbox 246 1178 319 1216; x_wconf 85' lang='lat' dir='ltr'><strong>hoc</strong></span> <span class='ocrx_word' id='word_1_149' title='bbox 345 1178 454 1228; x_wconf 88' lang='lat' dir='ltr'><strong>scire)</strong></span> <span class='ocrx_word' id='word_1_150' title='bbox 487 1180 707 1230; x_wconf 86' lang='lat' dir='ltr'><strong>Pompeius,</strong></span> <span class='ocrx_word' id='word_1_151' title='bbox 726 1179 899 1229; x_wconf 85' lang='lat' dir='ltr'><strong>togulam</strong></span> <span class='ocrx_word' id='word_1_152' title='bbox 923 1179 1031 1216; x_wconf 87' lang='lat' dir='ltr'><strong>illam</strong></span> <span class='ocrx_word' id='word_1_153' title='bbox 1048 1179 1190 1230; x_wconf 81' lang='lat' dir='ltr'><strong>pictam</strong></span> <span class='ocrx_word' id='word_1_154' title='bbox 1207 1178 1357 1217; x_wconf 85' lang='lat' dir='ltr'><strong>silentio</strong></span> 
     </span>
     <span class='ocr_line' id='line_1_21' title="bbox 246 1233 1356 1284; baseline 0.002 -15"><span class='ocrx_word' id='word_1_155' title='bbox 246 1239 374 1270; x_wconf 88' lang='lat' dir='ltr'><strong>tuetur</strong></span> <span class='ocrx_word' id='word_1_156' title='bbox 403 1245 525 1270; x_wconf 87' lang='lat' dir='ltr'><strong>suam.</strong></span> <span class='ocrx_word' id='word_1_157' title='bbox 555 1234 714 1271; x_wconf 86' lang='lat' dir='ltr'><strong>Crassus</strong></span> <span class='ocrx_word' id='word_1_158' title='bbox 739 1234 900 1271; x_wconf 87' lang='lat' dir='ltr'><strong>verbum</strong></span> <span class='ocrx_word' id='word_1_159' title='bbox 930 1233 1082 1270; x_wconf 85' lang='lat' dir='ltr'><strong>nullum</strong></span> <span class='ocrx_word' id='word_1_160' title='bbox 1112 1240 1242 1271; x_wconf 85' lang='lat' dir='ltr'><strong>contra</strong></span> <span class='ocrx_word' id='word_1_161' title='bbox 1269 1246 1356 1284; x_wconf 87' lang='lat' dir='ltr'><strong>gra-</strong></span> 
     </span>
     <span class='ocr_line' id='line_1_22' title="bbox 245 1285 1355 1337; baseline 0.001 -14"><span class='ocrx_word' id='word_1_162' title='bbox 245 1285 352 1323; x_wconf 81' lang='lat' dir='ltr'><strong>tiam.</strong></span> <span class='ocrx_word' id='word_1_163' title='bbox 384 1285 549 1326; x_wconf 88' lang='lat' dir='ltr'><strong>Caeteros</strong></span> <span class='ocrx_word' id='word_1_164' title='bbox 576 1287 657 1336; x_wconf 89' lang='lat' dir='ltr'><strong>jam</strong></span> <span class='ocrx_word' id='word_1_165' title='bbox 694 1286 817 1324; x_wconf 64' lang='lat' dir='ltr'><strong>nosti:</strong></span> <span class='ocrx_word' id='word_1_166' title='bbox 848 1285 917 1337; x_wconf 89' lang='lat' dir='ltr'><strong>qui</strong></span> <span class='ocrx_word' id='word_1_167' title='bbox 947 1285 1002 1323; x_wconf 83' lang='lat' dir='ltr'><strong>ita</strong></span> <span class='ocrx_word' id='word_1_168' title='bbox 1029 1293 1119 1324; x_wconf 90' lang='lat' dir='ltr'><strong>sunt</strong></span> <span class='ocrx_word' id='word_1_169' title='bbox 1144 1286 1263 1334; x_wconf 80' lang='lat' dir='ltr'><strong>stulti,</strong></span> <span class='ocrx_word' id='word_1_170' title='bbox 1297 1296 1355 1334; x_wconf 88' lang='lat' dir='ltr'><strong>ut,</strong></span> 
     </span>
     <span class='ocr_line' id='line_1_23' title="bbox 247 1339 1357 1392; baseline 0.002 -16"><span class='ocrx_word' id='word_1_171' title='bbox 247 1339 386 1377; x_wconf 86' lang='lat' dir='ltr'><strong>amissa</strong></span> <span class='ocrx_word' id='word_1_172' title='bbox 413 1339 619 1391; x_wconf 70' lang='lat' dir='ltr'><strong>republica,</strong></span> <span class='ocrx_word' id='word_1_173' title='bbox 650 1339 811 1392; x_wconf 86' lang='lat' dir='ltr'><strong>piscinas</strong></span> <span class='ocrx_word' id='word_1_174' title='bbox 841 1352 927 1377; x_wconf 85' lang='lat' dir='ltr'><strong>suas</strong></span> <span class='ocrx_word' id='word_1_175' title='bbox 955 1339 1035 1377; x_wconf 88' lang='lat' dir='ltr'><strong>fore</strong></span> <span class='ocrx_word' id='word_1_176' title='bbox 1059 1340 1180 1378; x_wconf 84' lang='lat' dir='ltr'><strong>salvas</strong></span> <span class='ocrx_word' id='word_1_177' title='bbox 1209 1352 1357 1391; x_wconf 86' lang='lat' dir='ltr'><strong>sperare</strong></span> 
     </span>
     <span class='ocr_line' id='line_1_24' title="bbox 248 1393 460 1431; baseline 0 -1"><span class='ocrx_word' id='word_1_178' title='bbox 248 1393 460 1431; x_wconf 87' lang='lat' dir='ltr'><strong>videantur.</strong></span> 
     </span>
    </p>

    <p class='ocr_par' dir='ltr' id='par_1_4' title="bbox 248 1429 1362 1821">
     <span class='ocr_line' id='line_1_25' title="bbox 301 1429 1359 1499; baseline 0 -14"><span class='ocrx_word' id='word_1_179' title='bbox 301 1447 415 1485; x_wconf 87' lang='lat' dir='ltr'><strong>Unus</strong></span> <span class='ocrx_word' id='word_1_180' title='bbox 433 1454 500 1494; x_wconf 83' lang='lat' dir='ltr'><strong>est,</strong></span> <span class='ocrx_word' id='word_1_181' title='bbox 521 1447 588 1499; x_wconf 89' lang='lat' dir='ltr'><strong>qui</strong></span> <span class='ocrx_word' id='word_1_182' title='bbox 620 1455 737 1495; x_wconf 86' lang='lat' dir='ltr'><strong>curet,</strong></span> <span class='ocrx_word' id='word_1_183' title='bbox 763 1445 973 1486; x_wconf 82' lang='lat' dir='ltr'><strong>constantia</strong></span> <span class='ocrx_word' id='word_1_184' title='bbox 987 1446 1114 1498; x_wconf 83' lang='lat' dir='ltr'><strong>magis</strong></span> <span class='ocrx_word' id='word_1_185' title='bbox 1139 1454 1176 1485; x_wconf 92' lang='lat' dir='ltr'><strong>et</strong></span> <span class='ocrx_word' id='word_1_186' title='bbox 1202 1429 1359 1498; x_wconf 83' lang='lat' dir='ltr'><strong>integri-</strong></span> 
     </span>
     <span class='ocr_line' id='line_1_26' title="bbox 248 1500 1354 1561; baseline 0.002 -23"><span class='ocrx_word' id='word_1_187' title='bbox 248 1506 340 1547; x_wconf 78' lang='lat' dir='ltr'><strong>tate,</strong></span> <span class='ocrx_word' id='word_1_188' title='bbox 363 1513 481 1561; x_wconf 81' lang='lat' dir='ltr'><strong>quam</strong></span> <span class='ocrx_word' id='word_1_189' title='bbox 510 1505 574 1551; x_wconf 93' lang='lat' dir='ltr'><strong>(ut</strong></span> <span class='ocrx_word' id='word_1_190' title='bbox 603 1500 699 1538; x_wconf 92' lang='lat' dir='ltr'><strong>mihi</strong></span> <span class='ocrx_word' id='word_1_191' title='bbox 724 1501 889 1549; x_wconf 87' lang='lat' dir='ltr'><strong>videtur)</strong></span> <span class='ocrx_word' id='word_1_192' title='bbox 917 1500 1071 1538; x_wconf 90' lang='lat' dir='ltr'><strong>consilio</strong></span> <span class='ocrx_word' id='word_1_193' title='bbox 1092 1508 1160 1538; x_wconf 86' lang='lat' dir='ltr'><strong>aut</strong></span> <span class='ocrx_word' id='word_1_194' title='bbox 1187 1501 1354 1552; x_wconf 86' lang='lat' dir='ltr'><strong>ingenio,</strong></span> 
     </span>
     <span class='ocr_line' id='line_1_27' title="bbox 249 1553 1358 1605; baseline 0.001 -13"><span class='ocrx_word' id='word_1_195' title='bbox 249 1553 372 1592; x_wconf 89' lang='lat' dir='ltr'><strong>Cato·</strong></span> <span class='ocrx_word' id='word_1_196' title='bbox 361 1582 373 1599; x_wconf 90' lang='lat'>‚</span> <span class='ocrx_word' id='word_1_197' title='bbox 404 1554 471 1605; x_wconf 88' lang='lat' dir='ltr'><strong>qui</strong></span> <span class='ocrx_word' id='word_1_198' title='bbox 500 1555 655 1593; x_wconf 81' lang='lat' dir='ltr'><strong>miseros</strong></span> <span class='ocrx_word' id='word_1_199' title='bbox 680 1555 915 1605; x_wconf 75' lang='lat' dir='ltr'><strong>publicanos,</strong></span> <span class='ocrx_word' id='word_1_200' title='bbox 943 1566 1038 1605; x_wconf 84' lang='lat' dir='ltr'><strong>quos</strong></span> <span class='ocrx_word' id='word_1_201' title='bbox 1062 1553 1197 1592; x_wconf 88' lang='lat' dir='ltr'><strong>habuit</strong></span> <span class='ocrx_word' id='word_1_202' title='bbox 1225 1567 1358 1593; x_wconf 88' lang='lat' dir='ltr'><strong>aman-</strong></span> 
     </span>
     <span class='ocr_line' id='line_1_28' title="bbox 249 1607 1358 1659; baseline 0.001 -14"><span class='ocrx_word' id='word_1_203' title='bbox 249 1607 412 1645; x_wconf 86' lang='lat' dir='ltr'><strong>tissimos</strong></span> <span class='ocrx_word' id='word_1_204' title='bbox 431 1608 504 1656; x_wconf 83' lang='lat' dir='ltr'><strong>sui,</strong></span> <span class='ocrx_word' id='word_1_205' title='bbox 525 1608 680 1646; x_wconf 81' lang='lat' dir='ltr'><strong>tertium</strong></span> <span class='ocrx_word' id='word_1_206' title='bbox 695 1609 777 1657; x_wconf 87' lang='lat' dir='ltr'><strong>jam</strong></span> <span class='ocrx_word' id='word_1_207' title='bbox 795 1621 966 1646; x_wconf 89' lang='lat' dir='ltr'><strong>mensem</strong></span> <span class='ocrx_word' id='word_1_208' title='bbox 983 1615 1109 1656; x_wconf 81' lang='lat' dir='ltr'><strong>vexat,</strong></span> <span class='ocrx_word' id='word_1_209' title='bbox 1130 1621 1254 1659; x_wconf 91' lang='lat' dir='ltr'><strong>neque</strong></span> <span class='ocrx_word' id='word_1_210' title='bbox 1271 1608 1316 1646; x_wconf 87' lang='lat' dir='ltr'><strong>iis</strong></span> <span class='ocrx_word' id='word_1_211' title='bbox 1335 1621 1358 1646; x_wconf 90' lang='lat' dir='ltr'><strong>a</strong></span> 
     </span>
     <span class='ocr_line' id='line_1_29' title="bbox 249 1662 1359 1713; baseline 0.002 -15"><span class='ocrx_word' id='word_1_212' title='bbox 249 1669 382 1699; x_wconf 88' lang='lat' dir='ltr'><strong>senatu</strong></span> <span class='ocrx_word' id='word_1_213' title='bbox 400 1674 624 1713; x_wconf 89' lang='lat' dir='ltr'><strong>responsum</strong></span> <span class='ocrx_word' id='word_1_214' title='bbox 635 1662 716 1698; x_wconf 87' lang='lat' dir='ltr'><strong>dari</strong></span> <span class='ocrx_word' id='word_1_215' title='bbox 733 1662 887 1712; x_wconf 86' lang='lat' dir='ltr'><strong>patitur.</strong></span> <span class='ocrx_word' id='word_1_216' title='bbox 916 1662 980 1699; x_wconf 88' lang='lat' dir='ltr'><strong>Ita</strong></span> <span class='ocrx_word' id='word_1_217' title='bbox 997 1673 1066 1700; x_wconf 92' lang='lat' dir='ltr'><strong>nos</strong></span> <span class='ocrx_word' id='word_1_218' title='bbox 1084 1662 1255 1713; x_wconf 88' lang='lat' dir='ltr'><strong>cogimur</strong></span> <span class='ocrx_word' id='word_1_219' title='bbox 1272 1663 1359 1700; x_wconf 90' lang='lat' dir='ltr'><strong>reli-</strong></span> 
     </span>
     <span class='ocr_line' id='line_1_30' title="bbox 250 1714 1358 1766; baseline 0.002 -14"><span class='ocrx_word' id='word_1_220' title='bbox 250 1715 336 1765; x_wconf 87' lang='lat' dir='ltr'><strong>quis</strong></span> <span class='ocrx_word' id='word_1_221' title='bbox 355 1715 402 1753; x_wconf 93' lang='lat' dir='ltr'><strong>de</strong></span> <span class='ocrx_word' id='word_1_222' title='bbox 431 1717 543 1753; x_wconf 91' lang='lat' dir='ltr'><strong>rebus</strong></span> <span class='ocrx_word' id='word_1_223' title='bbox 562 1715 659 1753; x_wconf 85' lang='lat' dir='ltr'><strong>nihil</strong></span> <span class='ocrx_word' id='word_1_224' title='bbox 677 1714 872 1754; x_wconf 86' lang='lat' dir='ltr'><strong>decernere</strong></span> <span class='ocrx_word' id='word_1_225' title='bbox 899 1722 986 1753; x_wconf 87' lang='lat' dir='ltr'><strong>ante</strong></span> <span class='ocrx_word' id='word_1_226' title='bbox 1004 1728 1122 1766; x_wconf 91' lang='lat' dir='ltr'><strong>quam</strong></span> <span class='ocrx_word' id='word_1_227' title='bbox 1146 1716 1358 1766; x_wconf 82' lang='lat' dir='ltr'><strong>publicanis</strong></span> 
     </span>
     <span class='ocr_line' id='line_1_31' title="bbox 250 1768 1362 1821; baseline 0.002 -16"><span class='ocrx_word' id='word_1_228' title='bbox 250 1781 474 1820; x_wconf 87' lang='lat' dir='ltr'><strong>responsum</strong></span> <span class='ocrx_word' id='word_1_229' title='bbox 503 1770 576 1808; x_wconf 87' lang='lat' dir='ltr'><strong>sit:</strong></span> <span class='ocrx_word' id='word_1_230' title='bbox 609 1781 725 1821; x_wconf 87' lang='lat' dir='ltr'><strong>quare</strong></span> <span class='ocrx_word' id='word_1_231' title='bbox 751 1768 866 1807; x_wconf 88' lang='lat' dir='ltr'><strong>etiam</strong></span> <span class='ocrx_word' id='word_1_232' title='bbox 886 1769 1092 1820; x_wconf 86' lang='lat' dir='ltr'><strong>legationes</strong></span> <span class='ocrx_word' id='word_1_233' title='bbox 1113 1770 1298 1819; x_wconf 83' lang='lat' dir='ltr'><strong>rejectum</strong></span> <span class='ocrx_word' id='word_1_234' title='bbox 1315 1769 1362 1807; x_wconf 86' lang='lat' dir='ltr'><strong>iri</strong></span> 
     </span>
    </p>

    <p class='ocr_par' dir='ltr' id='par_1_5' title="bbox 250 1830 1363 2251">
     <span class='ocr_line' id='line_1_32' title="bbox 282 1830 358 1859; baseline 0 0"><span class='ocrx_word' id='word_1_235' title='bbox 282 1830 358 1859; x_wconf 91' lang='lat' dir='ltr'><strong>uto.</strong></span> 
     </span>
     <span class='ocr_line' id='line_1_33' title="bbox 253 1835 1358 1928; baseline 0.001 -15"><span class='ocrx_word' id='word_1_236' title='bbox 253 1835 279 1873; x_wconf 75' lang='lat' dir='ltr'>p</span> <span class='ocrx_word' id='word_1_237' title='bbox 307 1876 424 1914; x_wconf 88' lang='lat' dir='ltr'><strong>Nunc</strong></span> <span class='ocrx_word' id='word_1_238' title='bbox 435 1876 552 1925; x_wconf 78' lang='lat' dir='ltr'><strong>vides,</strong></span> <span class='ocrx_word' id='word_1_239' title='bbox 562 1876 702 1928; x_wconf 89' lang='lat' dir='ltr'><strong>quibus</strong></span> <span class='ocrx_word' id='word_1_240' title='bbox 713 1876 890 1915; x_wconf 77' lang='lat' dir='ltr'><strong>fluctibus</strong></span> <span class='ocrx_word' id='word_1_241' title='bbox 898 1877 1109 1926; x_wconf 86' lang='lat' dir='ltr'><strong>jactemur:</strong></span> <span class='ocrx_word' id='word_1_242' title='bbox 1131 1885 1182 1923; x_wconf 78' lang='lat' dir='ltr'><strong>et,</strong></span> <span class='ocrx_word' id='word_1_243' title='bbox 1196 1876 1241 1925; x_wconf 83' lang='lat' dir='ltr'><strong>si,</strong></span> <span class='ocrx_word' id='word_1_244' title='bbox 1255 1889 1301 1915; x_wconf 89' lang='lat' dir='ltr'><strong>ex</strong></span> <span class='ocrx_word' id='word_1_245' title='bbox 1312 1876 1358 1914; x_wconf 87' lang='lat' dir='ltr'><strong>iis</strong></span> 
     </span>
     <span class='ocr_line' id='line_1_34' title="bbox 250 1930 1359 1981; baseline 0.002 -15"><span class='ocrx_word' id='word_1_246' title='bbox 250 1942 339 1980; x_wconf 89' lang='lat' dir='ltr'><strong>quae</strong></span> <span class='ocrx_word' id='word_1_247' title='bbox 357 1930 587 1981; x_wconf 87' lang='lat' dir='ltr'><strong>scripsimus,</strong></span> <span class='ocrx_word' id='word_1_248' title='bbox 609 1931 735 1981; x_wconf 67' lang='lat' dir='ltr'><strong>(tanta</strong></span> <span class='ocrx_word' id='word_1_249' title='bbox 747 1943 785 1968; x_wconf 90' lang='lat' dir='ltr'><strong>es</strong></span> <span class='ocrx_word' id='word_1_250' title='bbox 804 1930 1101 1981; x_wconf 81' lang='lat' dir='ltr'><strong>perspicacitate)</strong></span> <span class='ocrx_word' id='word_1_251' title='bbox 1123 1930 1238 1968; x_wconf 87' lang='lat' dir='ltr'><strong>etiam</strong></span> <span class='ocrx_word' id='word_1_252' title='bbox 1257 1944 1280 1968; x_wconf 89' lang='lat' dir='ltr'><strong>a</strong></span> <span class='ocrx_word' id='word_1_253' title='bbox 1296 1943 1359 1968; x_wconf 85' lang='lat' dir='ltr'><strong>me</strong></span> 
     </span>
     <span class='ocr_line' id='line_1_35' title="bbox 251 1983 1363 2036; baseline 0.001 -16"><span class='ocrx_word' id='word_1_254' title='bbox 251 1995 328 2020; x_wconf 92' lang='lat' dir='ltr'><strong>non</strong></span> <span class='ocrx_word' id='word_1_255' title='bbox 344 1984 481 2034; x_wconf 87' lang='lat' dir='ltr'><strong>scripta</strong></span> <span class='ocrx_word' id='word_1_256' title='bbox 491 1984 684 2036; x_wconf 88' lang='lat' dir='ltr'><strong>perspicis,</strong></span> <span class='ocrx_word' id='word_1_257' title='bbox 697 1984 815 2022; x_wconf 85' lang='lat' dir='ltr'><strong>revise</strong></span> <span class='ocrx_word' id='word_1_258' title='bbox 828 1996 896 2022; x_wconf 90' lang='lat' dir='ltr'><strong>nos</strong></span> <span class='ocrx_word' id='word_1_259' title='bbox 907 1983 1135 2035; x_wconf 84' lang='lat' dir='ltr'><strong>aliquando:</strong></span> <span class='ocrx_word' id='word_1_260' title='bbox 1160 1992 1210 2031; x_wconf 86' lang='lat' dir='ltr'><strong>et,</strong></span> <span class='ocrx_word' id='word_1_261' title='bbox 1226 1997 1363 2035; x_wconf 86' lang='lat' dir='ltr'><strong>quam-</strong></span> 
     </span>
     <span class='ocr_line' id='line_1_36' title="bbox 250 2037 1362 2089; baseline 0.001 -16"><span class='ocrx_word' id='word_1_262' title='bbox 250 2048 371 2087; x_wconf 91' lang='lat' dir='ltr'><strong>quam</strong></span> <span class='ocrx_word' id='word_1_263' title='bbox 395 2044 484 2074; x_wconf 89' lang='lat' dir='ltr'><strong>sunt</strong></span> <span class='ocrx_word' id='word_1_264' title='bbox 507 2038 589 2076; x_wconf 89' lang='lat' dir='ltr'><strong>haec</strong></span> <span class='ocrx_word' id='word_1_265' title='bbox 612 2037 808 2089; x_wconf 83' lang='lat' dir='ltr'><strong>fugienda,</strong></span> <span class='ocrx_word' id='word_1_266' title='bbox 835 2050 911 2089; x_wconf 92' lang='lat' dir='ltr'><strong>quo</strong></span> <span class='ocrx_word' id='word_1_267' title='bbox 929 2044 967 2076; x_wconf 89' lang='lat' dir='ltr'><strong>te</strong></span> <span class='ocrx_word' id='word_1_268' title='bbox 984 2049 1100 2083; x_wconf 86' lang='lat' dir='ltr'><strong>voco;</strong></span> <span class='ocrx_word' id='word_1_269' title='bbox 1130 2044 1257 2075; x_wconf 86' lang='lat' dir='ltr'><strong>tamen</strong></span> <span class='ocrx_word' id='word_1_270' title='bbox 1286 2037 1362 2084; x_wconf 82' lang='lat' dir='ltr'><strong>fac,</strong></span> 
     </span>
     <span class='ocr_line' id='line_1_37' title="bbox 251 2091 1362 2140; baseline 0.002 -14"><span class='ocrx_word' id='word_1_271' title='bbox 251 2096 297 2127; x_wconf 89' lang='lat' dir='ltr'><strong>ut</strong></span> <span class='ocrx_word' id='word_1_272' title='bbox 314 2102 482 2128; x_wconf 87' lang='lat' dir='ltr'><strong>amorem</strong></span> <span class='ocrx_word' id='word_1_273' title='bbox 502 2099 674 2129; x_wconf 88' lang='lat' dir='ltr'><strong>nostrum</strong></span> <span class='ocrx_word' id='word_1_274' title='bbox 695 2092 789 2129; x_wconf 85' lang='lat' dir='ltr'><strong>tanti</strong></span> <span class='ocrx_word' id='word_1_275' title='bbox 807 2092 982 2140; x_wconf 56' lang='lat' dir='ltr'><strong>aestimes,</strong></span> <span class='ocrx_word' id='word_1_276' title='bbox 1002 2097 1047 2128; x_wconf 88' lang='lat' dir='ltr'><strong>ut</strong></span> <span class='ocrx_word' id='word_1_277' title='bbox 1064 2104 1107 2129; x_wconf 90' lang='lat' dir='ltr'><strong>eo</strong></span> <span class='ocrx_word' id='word_1_278' title='bbox 1126 2091 1184 2129; x_wconf 92' lang='lat' dir='ltr'><strong>vel</strong></span> <span class='ocrx_word' id='word_1_279' title='bbox 1204 2103 1291 2128; x_wconf 89' lang='lat' dir='ltr'><strong>cum</strong></span> <span class='ocrx_word' id='word_1_280' title='bbox 1303 2091 1362 2128; x_wconf 86' lang='lat' dir='ltr'><strong>his</strong></span> 
     </span>
     <span class='ocr_line' id='line_1_38' title="bbox 252 2143 1361 2195; baseline 0.002 -15"><span class='ocrx_word' id='word_1_281' title='bbox 252 2143 434 2181; x_wconf 86' lang='lat' dir='ltr'><strong>molestiis</strong></span> <span class='ocrx_word' id='word_1_282' title='bbox 460 2144 603 2195; x_wconf 87' lang='lat' dir='ltr'><strong>perfrui</strong></span> <span class='ocrx_word' id='word_1_283' title='bbox 634 2145 739 2184; x_wconf 89' lang='lat' dir='ltr'><strong>velis.</strong></span> <span class='ocrx_word' id='word_1_284' title='bbox 770 2146 890 2192; x_wconf 85' lang='lat' dir='ltr'><strong>Nam,</strong></span> <span class='ocrx_word' id='word_1_285' title='bbox 928 2158 976 2183; x_wconf 93' lang='lat' dir='ltr'><strong>ne</strong></span> <span class='ocrx_word' id='word_1_286' title='bbox 1007 2145 1141 2183; x_wconf 90' lang='lat' dir='ltr'><strong>absens</strong></span> <span class='ocrx_word' id='word_1_287' title='bbox 1178 2156 1361 2190; x_wconf 86' lang='lat' dir='ltr'><strong>censeare,</strong></span> 
     </span>
     <span class='ocr_line' id='line_1_39' title="bbox 253 2198 1363 2251; baseline 0.001 -17"><span class='ocrx_word' id='word_1_288' title='bbox 253 2198 393 2234; x_wconf 82' lang='lat' dir='ltr'><strong>curabo</strong></span> <span class='ocrx_word' id='word_1_289' title='bbox 422 2198 646 2237; x_wconf 74' lang='lat' dir='ltr'><strong>edicendum</strong></span> <span class='ocrx_word' id='word_1_290' title='bbox 677 2207 714 2238; x_wconf 89' lang='lat' dir='ltr'><strong>et</strong></span> <span class='ocrx_word' id='word_1_291' title='bbox 742 2198 1030 2251; x_wconf 84' lang='lat' dir='ltr'><strong>proponendum</strong></span> <span class='ocrx_word' id='word_1_292' title='bbox 1055 2198 1146 2237; x_wconf 82' lang='lat' dir='ltr'><strong>locis</strong></span> <span class='ocrx_word' id='word_1_293' title='bbox 1174 2198 1363 2236; x_wconf 87' lang='lat' dir='ltr'><strong>omnibus.</strong></span> 
     </span>
    </p>
   </div>
  </div>
 </body>
</html>
