1513 2382
208 160 209 165 ’
236 152 312 191 148
448 151 531 191 AD
558 151 844 192 ATTICUM.
873 153 976 192 Lm.
1001 154 1036 193 1.
1069 154 1130 193 11.

230 261 296 300 sed
313 274 381 312 per
398 268 449 309 te,
468 269 578 313 parta
595 261 684 300 sint.
714 260 886 301 Tulliola
903 261 974 301 tibi
990 262 1094 302 diem
1112 262 1204 309 dat3
1233 265 1361 315 spon-'

231 328 354 354 sorem
372 316 551 368 appellat.
747 351 750 354 .

455 425 570 476 (ιι.)
599 424 812 465 CICERO
840 423 1060 465 ATTICO
1087 425 1128 465 s.

282 532 338 571 Et
366 533 454 571 mea
483 542 617 584 sponte
641 533 828 573 faciebam
857 540 983 581 antea,
1008 540 1047 572 et
1074 539 1175 584 post,
1200 532 1352 571 duabus

227 587 395 638 epistolis
407 586 483 625 tuis
501 587 799 639 perdiligenter
788 600 828 625 ιιι
842 587 1017 626 eamdem
1030 586 1216 625 rationem
1231 586 1352 638 serip-

228 641 290 689 tis,
310 653 541 692 magnopere
561 655 647 680 sum
666 648 890 680 commotus.
919 641 982 679 Eo
999 640 1199 679 accedebat
1220 641 1350 679 horta-

227 703 286 733 tor
304 695 491 743 assiduus,
512 696 729 744 Sallustius,
749 704 794 733 ut
811 707 964 746 agerem
990 707 1109 760 quam
1137 694 1350 746 diligentis-

226 749 322 787 sime
333 761 423 787 cum
442 749 608 789 Lucceio
626 749 674 788 de
693 748 818 788 vestra
829 757 953 787 vetere
966 748 1091 800 gratia
1102 748 1350 787 reconcilian-

227 803 289 841 da.
320 802 410 850 Sed,
431 815 521 841 cum
535 803 666 842 omnia
682 803 868 850 fecissem,
883 815 960 841 non
980 802 1095 841 modo
1114 814 1198 841 eam
1213 802 1352 841 volun-

227 865 345 895 tatem
365 858 463 906 ejus,
492 869 578 908 quae
596 858 720 896 fuerat
739 870 828 908 erga
854 864 903 902 te,
928 869 1151 908 recuperare
1176 853 1253 894 non
1281 868 1353 908 po-

227 912 300 958 tui,
321 923 455 948 verum
475 922 523 949 ne
542 924 695 950 causam
715 911 873 963 quidem
901 911 1033 950 elicere
1050 910 1267 949 immutatae
1283 923 1352 949 vo-

227 965 398 1003 luntatis.
441 964 614 1005 Tametsi
642 966 761 1016 jactat
799 965 865 1003 ille
901 964 1059 1017 quidem
1094 964 1194 1002 illud
1236 974 1351 1003 tuum

227 1018 442 1068 arbitrium,
463 1027 501 1057 et
519 1033 576 1068 ω,
597 1034 685 1072 quae
699 1020 783 1069 jam
805 1027 906 1067 tum,
937 1031 1027 1057 cum
1055 1018 1200 1066 aderas,
1231 1018 1352 1058 offen-

226 1073 314 1111 dere
333 1074 415 1123 ejus
434 1074 609 1112 animum
627 1073 913 1134 intelligebam-
942 1080 1074 1111 tamen
1098 1072 1216 1111 habet
1239 1072 1353 1124 quid-

226 1127 317 1165 dam
336 1127 517 1178 profecto,
539 1127 643 1179 quod
665 1127 789 1179 magis
816 1127 858 1165 in
887 1127 1016 1166 animo
1046 1127 1130 1176 ejus
1156 1127 1350 1175 insederit,

227 1181 331 1232 quod
349 1193 474 1233 neque
493 1182 660 1233 epistolae
678 1190 769 1229 tuae,
785 1194 910 1233 neque
928 1188 1056 1219 nostra
1073 1180 1251 1232 allegatio
1269 1188 1350 1219 tam

224 1242 348 1286 potest
365 1235 476 1273 facile
494 1235 632 1283 delere,
654 1248 773 1287 quam
793 1243 835 1273 tu
850 1247 1029 1286 praesens,
1043 1246 1121 1272 non
1137 1234 1255 1273 modo
1266 1247 1351 1273 ora-

225 1290 341 1337 tione,
373 1288 438 1327 sed
467 1297 535 1327 tuo
563 1264 675 1328 vultu
704 1289 772 1327 illo
796 1288 991 1336 familiari,
1022 1288 1146 1335 tolles,
1177 1288 1209 1326 si
1233 1288 1351 1327 modo

225 1343 324 1381 tanti
352 1343 505 1394 putabis
530 1343 584 1391 id,
605 1343 723 1395 quod,
743 1343 775 1381 si
793 1356 856 1381 me
875 1342 1020 1391 audies,
1050 1351 1088 1380 et
1116 1341 1148 1380 si
1172 1342 1354 1380 humani-

223 1397 294 1434 tati
312 1405 389 1435 tuae
407 1405 578 1436 constare
597 1398 713 1445 voles,
745 1404 844 1435 certe
868 1396 1035 1448 putabis.
1075 1396 1153 1444 Ac,
1183 1408 1233 1434 ne
1250 1396 1349 1434 illud

224 1451 374 1499 mirere,
395 1464 477 1499 cur,
498 1464 587 1489 cum
601 1464 671 1501 ego
690 1458 800 1488 antea
819 1450 1073 1501 significarem
1087 1449 1159 1488 tibi
1176 1463 1245 1501 per
1262 1449 1350 1488 lite-

222 1517 299 1552 raS‚
319 1518 382 1543 me
411 1517 561 1555 sperare
585 1505 699 1542 illum
718 1504 758 1541 in
777 1504 908 1542 nostra
926 1511 1111 1555 potestate
1128 1503 1223 1553 fore,
1244 1516 1350 1542 nunc

224 1558 328 1597 idem
358 1558 488 1597 videar
506 1557 698 1605 diffidere3
728 1558 950 1596 incredibile
979 1565 1049 1604 est,
1080 1564 1227 1609 quanto
1251 1557 1349 1596 mihi

223 1612 397 1651 videatur
415 1612 520 1650 illius
538 1612 715 1651 voluntas
733 1611 969 1658 obstinatior,
991 1618 1027 1650 et
1045 1611 1087 1649 in
1104 1611 1177 1650 hac
1197 1611 1349 1650 iracun-

221 1665 284 1705 dia
291 1666 547 1705 obfirmatior:
569 1667 634 1705 sed
644 1666 726 1704 haec
738 1674 804 1704 aut
816 1667 1066 1714 sanabuntur,
1077 1678 1167 1704 cum
1178 1666 1347 1712 veneris3

221 1730 290 1760 aut
308 1721 343 1759 ei
360 1720 521 1759 molesta
539 1729 664 1767 erunt,
686 1720 726 1758 in
745 1728 832 1758 utro
851 1720 965 1771 culpa
983 1719 1066 1757 erit.

278 1774 398 1822 Quod
416 1774 456 1812 in
476 1774 634 1826 epistola
653 1774 721 1812 tua
739 1774 924 1826 scriptum
949 1781 1044 1820 erat,
1063 1786 1128 1812 me
1141 1774 1224 1823 jam
1244 1773 1348 1812 arbi-

222 1830 315 1867 trari
343 1828 586 1880 designatum
619 1842 724 1873 esseg
755 1829 861 1875 scito,
895 1827 993 1865 nihil
1025 1834 1106 1865 tam
1136 1827 1346 1866 exercitum

221 1896 301 1922 aese
319 1895 423 1921 nunc
441 1883 594 1929 Romae,
616 1895 734 1934 quam
753 1881 986 1929 candidatos,
1007 1881 1187 1919 omnibus
1202 1881 1346 1932 iniqui-

220 1937 389 1983 tatibus3
419 1949 503 1983 nec,
524 1936 678 1989 quando
696 1936 827 1974 futura
845 1935 921 1974 sint
939 1935 1106 1984 comitia,
1126 1934 1223 1973 sciri.
1263 1935 1346 1975 Ve-

218 2003 308 2029 rum
326 1991 408 2028 haec
426 1990 558 2029 audies
575 1990 623 2029 de
642 1989 912 2041 Philadelpho.

275 2045 356 2092 Tu,
376 2045 507 2093 velim,
528 2058 616 2097 quae
634 2044 857 2082 Academiae
873 2050 1014 2081 nostrae
1031 2042 1189 2094 parasti,
1204 2055 1345 2094 quam-

219 2098 389 2149 primum
419 2099 561 2137 mittas.
601 2099 706 2137 Mire
735 2111 853 2150 quam
882 2097 987 2135 illius
1018 2096 1091 2135 loci
1118 2108 1196 2134 non
1226 2097 1344 2136 modo

218 2165 325 2199 usus,
346 2152 411 2190 sed
429 2153 543 2190 etiam
564 2151 757 2204 cogitatio,
777 2152 949 2190 delectat.
991 2151 1130 2188 Libros
1150 2163 1238 2188 vero
1257 2158 1342 2190 tuos

218 2219 307 2245 cave
342 2205 524 2257 cuiquam
561 2206 699 2245 tradas.
736 2205 862 2245 Nobis
894 2218 972 2254 eos,
1009 2203 1339 2257 quemadmodum
