1513 2382
295 88 380 128 AD
408 88 708 130 DIVERSOS.
739 88 841 127 Lm.
870 87 967 128 XV.
1001 89 1065 127 13.
1161 89 1232 128 101

124 202 204 245 ant,
236 196 442 248 quominus
466 197 707 236 tantumdem
733 210 803 248 ego
833 208 935 235 unus
960 195 1133 245 debeam,
1161 209 1238 236 non

122 262 303 289 recusem.
333 250 612 299 Quamobrem,
627 251 699 290 tibi
709 251 825 289 velim
842 251 884 288 hi
898 250 973 289 sint
984 251 1122 299 exitus,
1143 263 1239 301 quos

123 304 290 351 mereris,
310 312 347 342 et
374 318 470 356 quos
488 305 568 344 fore
593 305 752 344 confido.
789 304 890 356 Ego,
912 304 943 342 si
966 317 1030 342 me
1047 305 1239 355 navigatio

124 369 200 395 non
212 358 436 404 morabitur,
457 373 543 410 quae
561 359 776 397 incurrebat
792 358 832 396 in
852 359 952 410 ipsos
964 358 1129 407 Etesias,
1150 371 1238 410 pro-

125 410 277 463 pediem
294 418 345 462 te,
366 421 410 451 ut
429 426 551 465 spero,
571 413 718 452 videbo.
748 413 860 452 Vale.

125 571 238 623 (12.)
268 573 330 613 M.
349 573 400 612 Τ.
420 573 466 613 C.
504 573 626 613 IMP.
665 573 713 612 L.
743 573 956 624 PAULO,
995 573 1111 614 COS.
1139 574 1239 614 DE-

501 629 651 668 SIGN.
681 630 720 668 S.
740 629 788 667 P.
808 628 866 667 D.

179 736 505 788 (Argumentum.
514 759 565 767 —
578 737 804 775 Gratulatur
816 737 941 776 Paulo
955 737 1002 776 de
1016 737 1214 776 consulatu
1226 749 1239 782 ;

125 797 176 840 et,
196 803 246 829 ne
264 791 336 829 sibi
353 790 546 842 provincia
562 798 800 844 prorogetur,
820 790 960 842 rogat.)

178 897 266 936 Etsi
283 897 381 936 mihi
395 909 595 950 nunquam
614 898 689 937 fuit
707 898 884 947 dubium,
905 898 1000 950 quin
1018 906 1056 937 te
1073 898 1242 950 populus

125 952 340 1001 Romanus,
361 964 431 1003 pro
451 953 526 991 tuis
546 952 706 990 summis
726 952 766 990 in
785 953 1062 1004 rempublicam
1081 952 1242 1000 meritis,

126 1013 163 1044 et
181 1019 250 1057 pro
275 1006 516 1057 amplissima
533 1006 689 1044 familiae
708 1006 905 1057 dignitate,
926 1019 1079 1044 summo
1099 1006 1239 1051 studio,

124 1060 268 1098 cunctis
297 1060 486 1110 suffragiis
517 1061 711 1098 consulem
743 1060 912 1098 facturus
945 1070 1040 1099 esset
1056 1073 1068 1105 ;
1113 1068 1243 1098 tamen

124 1113 336 1152 incredibili
353 1113 486 1152 laetitia
505 1126 593 1151 sum
619 1114 788 1161 affectus,
809 1127 898 1152 cum
915 1114 955 1152 id
973 1114 1070 1152 mihi
1088 1114 1244 1152 nuntia-

124 1175 210 1205 tum
229 1175 309 1214 est3
340 1180 506 1219 eumque
523 1168 706 1207 honorem
721 1168 792 1206 tibi
810 1168 914 1206 Deos
929 1168 1122 1206 fortunare
1140 1168 1240 1215 volo,

123 1234 148 1259 a
171 1228 286 1282 teque
312 1234 360 1260 ex
389 1220 456 1260 tua
483 1223 751 1274 majorumque
783 1230 940 1261 tuorum
965 1222 1152 1273 dignitate
1176 1221 1245 1260 ad-

126 1275 346 1314 ministrari.

179 1329 311 1382 Atque
335 1329 485 1367 utinam
503 1342 667 1381 praesens
685 1330 798 1368 illum
817 1330 920 1370 diem
938 1330 1036 1368 mihi
1054 1329 1244 1382 optatissi-

123 1396 235 1422 mum
250 1383 376 1422 videre
393 1384 615 1435 potuissem,
635 1397 781 1436 proque
795 1385 870 1424 tuis
889 1383 1135 1436 amplissimis
1154 1397 1243 1435 erga

124 1450 189 1476 me
200 1437 335 1476 studiis
347 1444 462 1489 atque
470 1438 659 1476 beneficiis
669 1438 739 1476 tibi
750 1452 905 1490 operam
913 1451 1041 1476 meam
1053 1438 1244 1476 studium-

125 1505 202 1544 que
225 1491 389 1529 navare!
421 1491 552 1553 Quam
583 1492 681 1529 mihi
702 1492 924 1531 facultatem
954 1505 1043 1530 cum
1069 1492 1132 1530 hic
1156 1505 1244 1530 nec-

124 1545 302 1597 opinatus
327 1552 365 1583 et
390 1545 620 1597 improvisus
644 1546 848 1597 provinciae
866 1559 974 1586 casus
993 1546 1156 1597 eripuit;
1186 1553 1245 1583 ta-

124 1612 229 1647 men,
256 1606 302 1637 ut
319 1606 356 1637 te
375 1600 584 1649 consulem,
605 1613 686 1638 rem
704 1601 899 1652 publicam
926 1613 995 1652 pro
1023 1600 1091 1638 tua
1117 1599 1244 1650 digni-

126 1660 205 1692 tate
222 1660 430 1704 gerentem,
451 1653 577 1692 videre
601 1654 758 1705 possim,
782 1667 1013 1706 magnopere
1037 1667 1060 1691 a
1082 1661 1121 1691 te
1138 1660 1241 1704 peto,

126 1715 171 1746 ut
190 1719 343 1758 operam
361 1707 408 1745 d
395 1721 441 1756 8,
462 1708 689 1768 efficiasque,
710 1721 758 1746 ne
770 1710 864 1761 quid
877 1708 974 1746 mihi
992 1707 1086 1745 fiat
1076 1707 1242 1756 mjuriae,

125 1773 220 1800 neve
242 1761 337 1812 quid
364 1761 543 1813 temporis
568 1762 617 1800 ad
634 1775 767 1801 meum
787 1775 961 1800 annuum
978 1774 1122 1799 munus
1140 1774 1244 1800 acce-

125 1815 204 1854 dat.
235 1815 354 1863 Quod
386 1816 418 1854 si
441 1815 586 1864 feceris,
615 1829 780 1867 magnus
803 1817 853 1854 ad
876 1824 944 1854 tua
966 1815 1127 1868 pristina
1156 1828 1246 1867 erga

123 1880 188 1908 me
206 1869 332 1907 studia
350 1870 528 1908 cumulus
547 1870 708 1909 accedet.
742 1871 854 1909 Vale.

122 1975 237 2028 (13.)
267 1975 329 2015 M
344 1976 396 2016 Τ.
409 1977 454 2017 (3.
478 1977 602 2016 ΙΜΡ.
627 1977 675 2017 L.
698 1977 911 2029 PAULO,
939 1976 1056 2018 (308.
1076 1977 1116 2018 8
1129 1977 1175 2015 P.
1188 1976 1244 2016 D.

177 2084 504 2136 (Argumentum.
519 2086 624 2125 ...A
644 2087 798 2126 consule
822 2086 942 2148 petit,-
958 2093 1004 2125 ut
1022 2084 1243 2148 supplicati-

125 2151 215 2178 ones
233 2139 304 2178 sibi
321 2140 520 2187 decernat3
541 2149 578 2180 et
603 2153 712 2181 suam
738 2140 1058 2181 existimationem
1076 2141 1116 2180 in
1136 2146 1244 2179 caete-

127 2193 179 2233 ris
197 2191 474 2243 commendat.)
951 2249 976 2287 3

902 2261 931 2289 x
