1513 2382
179 80 232 118 46
331 79 415 118 AD
440 76 736 120 DIVERsos.
765 77 866 117 LIB.
887 75 1013 116 X111.
1041 78 1107 114 55.

237 184 355 239 (55.)
385 185 446 225 M.
459 185 508 225 T.
524 185 572 227 C.
600 185 870 234 THERMO,
898 183 1099 224 PROPR.
1131 182 1172 222 S.
1186 181 1243 220 D.

238 295 564 348 (Argumentum.
583 320 638 328 —
648 294 849 333 Anneium
860 293 1115 343 commendat,
1126 292 1299 344 legatum

185 363 314 399 suum,
333 350 523 402 praecipue
540 349 582 387 in
600 349 716 388 causa
734 346 947 398 Sardiana.)

237 456 326 496 Etsi
353 457 451 495 mihi
472 456 600 496 videor
623 456 870 504 intellexisse,
894 468 985 494 cum
1007 461 1135 492 tecum
1152 451 1300 504 Ephesi

186 510 235 549 de
253 524 293 550 re
311 511 373 549 Μ.
394 510 554 559 Anneii,
574 510 691 562 legati
714 510 806 557 mei,
830 510 983 548 locutus
1001 520 1102 556 sum,
1121 514 1160 545 te
1179 506 1300 558 ipsius

187 565 302 604 causa
319 564 561 603 vehementer
572 564 702 602 onmia
713 564 834 610 velle3
864 571 995 601 tamen
1012 568 1050 600 et
1069 561 1131 599 M.
1150 559 1302 600 Annei-

186 631 257 657 um
284 619 381 657 tanti
406 618 518 666 facio,
538 625 583 656 ut
601 617 698 656 mihi
725 617 823 656 nihil
849 625 984 668 putem
1010 614 1302 666 praetermitten-

187 673 297 720 dum,
318 672 422 724 quod
439 672 544 710 illius
562 672 728 710 intersit:
750 679 787 709 et
800 684 864 709 me
881 684 905 709 a
923 677 961 708 te
978 669 1075 707 tanti
1092 668 1176 706 fieri
1192 674 1302 720 puto,

187 733 233 764 ut
259 738 337 764 non
361 726 549 773 dubitem,
570 726 664 778 quin
683 725 733 763 ad
756 733 867 762 tuam
884 723 1122 763 voluntatem
1140 733 1305 772 magnus

189 779 369 818 cumulus
386 780 540 818 accedat
558 777 897 818 commendationis
921 790 1029 815 meae.
1070 777 1192 824 Nam,
1215 787 1307 814 cum

187 834 270 883 jam
289 833 356 870 diu
375 833 572 884 diligerem
592 833 654 871 M.
671 832 886 879 Anneium,
907 831 1031 882 deque
1049 842 1092 868 eo
1107 829 1160 868 sic
1178 827 1310 868 existi-

187 899 350 935 marem,
370 894 415 924 ut
434 900 492 925 res
504 886 668 925 declarat
685 886 808 938 (quod
824 885 925 923 ultro
938 884 973 923 ei
986 883 1189 922 detulerim
1206 883 1310 933 lega-

189 940 349 988 tionem,
387 953 475 979 cum
505 941 638 978 multis
660 939 877 992 petentibus
900 935 1192 989 denegassem);
1225 944 1311 974 tum

190 1007 294 1042 vero,
309 1001 559 1046 posteaquam
577 1006 731 1033 mecum
748 993 791 1030 in
807 992 910 1031 bello
922 991 1089 1043 atquein
1101 1003 1142 1028 re
1153 989 1312 1028 militari

191 1048 280 1096 fuit,
296 1056 442 1086 tantam
460 1048 500 1085 in
521 1061 563 1086 eo
583 1048 777 1094 virtutem,
796 1045 1055 1098 prudentiam,
1074 1044 1206 1092 fidem,
1226 1050 1312 1082 tan-

194 1109 352 1153 tamque
368 1115 457 1152 erga
470 1115 533 1140 me
539 1101 857 1148 benevolentiam,
873 1098 1046 1150 cognovi,
1060 1105 1106 1136 ut
1114 1098 1312 1136 hominem

193 1156 388 1194 neminem
406 1155 527 1206 pluris
546 1155 696 1193 faciam.
736 1154 844 1192 Eum
863 1166 953 1191 cum
967 1151 1160 1192 Sardianis
1173 1151 1314 1189 habere

195 1209 488 1248 controversiam
516 1209 611 1247 scis:
642 1220 796 1247 causam
817 1207 889 1244 tibi
912 1205 1159 1257 exposuimus
1179 1205 1315 1256 Ephe-

195 1263 253 1309 εἰς
284 1275 402 1314 quam
413 1270 457 1300 tu
476 1270 605 1300 tamen
624 1274 751 1300 coram
763 1260 912 1298 facilius
926 1259 1140 1310 meliusque
1158 1271 1316 1310 cognos-

201 1329 274 1356 ces.

251 1370 317 1409 De
340 1370 503 1422 reliquo,
532 1368 630 1406 mihi
659 1364 911 1420 (mehercule)
932 1365 999 1404 diu
1024 1365 1189 1404 dubium
1220 1364 1310 1414 fuit,

199 1424 295 1477 quid
306 1423 355 1462 ad
373 1431 410 1462 te
427 1423 670 1475 potissimum
683 1421 896 1460 scriberem.
925 1420 954 1458 J
956 1433 1002 1458 us
1015 1419 1118 1458 enim
1130 1419 1316 1472 quemad-

197 1478 359 1517 modum
377 1477 492 1526 dicas,
513 1477 675 1523 clarum,
696 1484 734 1514 et
751 1474 894 1525 magna
916 1486 1007 1512 cum
1025 1474 1097 1512 tu‘a
1113 1473 1228 1512 laude
1246 1485 1316 1512 no-

198 1539 286 1571 tum
304 1539 371 1570 est.
398 1531 524 1570 Nobis
543 1538 673 1569 autem
691 1529 733 1567 in
750 1529 822 1566 hac
841 1527 955 1567 causa
972 1527 1071 1566 nihil
1089 1527 1196 1565 aliud
1220 1540 1318 1579 opus

199 1593 269 1634 est,
285 1585 360 1624 nisi
381 1593 419 1624 te
433 1586 498 1635 jus
514 1584 688 1623 instituto
706 1590 773 1621 tuo
791 1581 924 1620 dicere.
965 1581 1041 1621 Sed
1065 1588 1209 1630 tamen,
1229 1593 1319 1620 cum

199 1653 264 1679 me
283 1652 360 1678 non
373 1638 511 1690 fugiat,
528 1644 672 1690 quanta
690 1637 738 1675 sit
756 1636 796 1674 in
811 1643 971 1687 praetore
985 1635 1201 1685 auctoritas,
1221 1648 1320 1687 prae-

200 1694 332 1733 sertim
356 1693 430 1731 ista
455 1692 684 1743 integritate,
712 1690 912 1742 gravitate,
943 1689 1158 1738 clementia,
1185 1689 1265 1741 qua
1281 1697 1320 1728 te

200 1761 281 1786 esse
303 1748 402 1785 inter
434 1759 565 1785 omnes
591 1752 760 1790 constan
797 1751 885 1795 peto
917 1745 985 1782 abs
1013 1750 1065 1791 te,
1095 1755 1165 1794 pro
1193 1742 1323 1781 nostra

201 1800 512 1851 conjunctissima
525 1798 799 1837 necessitudine
810 1797 1063 1849 plurimisque
1076 1796 1207 1835 officiis
1220 1796 1323 1848 pari-

202 1857 276 1894 bus
290 1868 334 1893 ac
355 1853 516 1900 mutuis,
536 1862 581 1891 ut
599 1852 807 1900 voluntate,
828 1851 1063 1898 auctoritate,
1093 1850 1218 1888 studio
1236 1857 1318 1897 tuo,

203 1909 389 1961 perficias,
409 1916 454 1945 ut
469 1907 530 1944 M.
550 1906 728 1945 Anneius
746 1905 948 1956 intelligat,
961 1913 999 1943 te
1010 1911 1047 1942 et
1062 1904 1134 1942 sibi
1151 1903 1321 1942 amicum

204 1976 283 2002 csse
307 1962 431 2015 (quod
449 1973 525 1999 non
544 1960 707 2007 dubitat,
732 1972 833 2011 saepe
858 1959 962 1997 enim
992 1970 1145 1997 mecum
1171 1958 1321 1996 Iocutus

204 2015 297 2067 est),
310 2025 348 2055 et
365 2015 489 2054 multo
507 2014 726 2053 amiciorem
743 2013 911 2051 hismeis
928 2012 1047 2051 literis
1065 2024 1145 2050 esse
1162 2011 1321 2050 factum.

204 2070 256 2108 In
280 2078 348 2109 tuo
366 2076 446 2108 toto
466 2067 627 2119 imperio
656 2074 772 2118 atque
789 2066 985 2118 provincia
1001 2065 1100 2104 nihil
1126 2071 1195 2113 est,
1218 2063 1324 2116 quod

205 2123 303 2162 mihi
320 2122 465 2175 gratius
482 2121 604 2160 facere
621 2121 753 2172 possis.
782 2121 812 2158 J
813 2133 892 2169 am,
904 2119 1009 2172 apud
1027 2119 1170 2171 ipsum,
1186 2117 1325 2170 gratis-

207 2177 349 2217 simum
366 2175 578 2224 hominem,
599 2181 714 2225 atque
725 2173 917 2225 optimum
930 2173 1070 2223 virum,
1091 2184 1209 2224 quam
1227 2173 1324 2211 bene
