1513 2382
212 103 291 139 252
419 99 501 137 AD
531 98 816 138 ATTICUM.
847 100 948 138 Lm.
979 99 1055 138 IV.
1085 101 1122 138 8.

205 213 221 249 ὁ
237 208 328 246 δὀυκ
352 211 532 255 εμπαζετο
549 207 677 253 lavinam.
706 207 824 255 Quod
836 213 1020 260 superest,
1036 207 1150 246 etiam
1162 219 1326 259 puerum

209 264 430 303 Ciceronem
444 260 594 299 curabis
614 268 650 299 et
668 263 829 313 amabis,
845 270 889 301 ut
906 262 1010 301 facis.

435 422 522 469 (8.)
552 421 762 460 CICERO
790 420 1015 460 ATTICO
1043 421 1083 460 S.

258 530 393 569 Multa
416 542 480 567 me
501 529 541 566 in
573 529 732 580 epistola
761 528 830 567 tua
858 528 1107 577 delectarunt,
1134 529 1201 568 sed
1228 529 1326 568 nihil

204 585 343 636 magis,
364 596 482 634 quam
500 583 633 634 patina
650 582 880 634 tyrotarichi.
900 583 1023 632 Nam,
1038 583 1086 621 de
1096 583 1325 622 raudusculo

207 638 312 691 quod
341 637 483 683 scribis,
518 653 628 682 μηπω
659 652 702 683 με
706 653 770 683 γαν
803 651 916 686 ειπης,
948 652 1028 685 πριν
1059 643 1128 674 τε)
1131 638 1322 681 ευτησαντ’

285 691 520 729 .AEdificati
538 689 637 727 tibi
625 702 667 727 111
692 690 792 740 agris
815 690 913 728 nihil
930 690 1087 742 reperio.
1118 691 1167 728 In
1185 690 1326 743 oppido

208 754 265 785 est
295 745 493 807 quiddam,
524 744 571 781 de
599 757 677 795 quo
706 751 761 782 est
782 744 959 792 dubium,
986 744 1084 782 sitne
1110 745 1258 806 venale,
1282 756 1326 782 ac

206 800 430 861 proximum
450 798 606 849 quidem
632 798 767 835 nostris
787 798 944 837 aedibus.
986 798 1075 836 Hoc
1104 798 1211 844 scito,
1241 798 1326 836 An-

201 854 301 892 tium
318 865 396 891 esse
411 853 561 897 Romae,
576 859 620 888 ut
635 851 811 902 Corcyrae
825 852 1063 890 Buthrotum
1077 852 1176 890 illud
1189 859 1323 890 tuum:

203 908 303 945 nihil
322 906 503 958 quietius,
524 905 621 943 1111111
636 905 766 954 alsius,
784 906 882 944 nihil
900 905 1098 945 amoenius.
1129 914 1193 950 Ειη
1209 921 1325 956 μιαν-

209 977 272 1004 τος
293 967 399 1010 φιλας
416 975 519 1002 omo:-

259 1014 397 1052 Postea
416 1026 503 1051 vero
523 1027 640 1064 quam
658 1013 857 1066 Tyrannio
874 1013 973 1052 mihi
990 1014 1107 1052 libros
1125 1013 1324 1066 disposuit,

204 1081 314 1107 mens
333 1067 463 1105 addita
480 1067 630 1105 videtur
644 1068 739 1106 meis
759 1067 927 1106 aedibus:
958 1068 1037 1118 qu‘a
1055 1067 1211 1119 quidem
1224 1068 1266 1105 in
1284 1081 1325 1105 re

205 1121 366 1161 mirifica
385 1134 499 1172 opera
519 1121 701 1172 Dionysii
719 1128 757 1159 et
785 1121 1005 1173 Menophili
1022 1122 1081 1160 tui
1098 1121 1184 1160 fuit.
1213 1121 1327 1160 Nihil

205 1175 414 1221 venustius,
446 1188 564 1226 quam
582 1175 649 1212 illa
667 1182 734 1212 tua
751 1183 945 1226 pegmata,
972 1182 1176 1227 postquam
1198 1174 1327 1227 [sitty-

206 1230 287 1280 bis]
307 1229 424 1266 libros
443 1229 696 1266 illustrarunt.
726 1229 866 1277 Valde,
888 1236 931 1266 ut
950 1229 1089 1267 scribas
1103 1229 1152 1267 ad
1169 1241 1246 1277 me,
1263 1242 1328 1267 ve-

205 1284 291 1330 lim,
312 1282 358 1320 de
377 1282 676 1333 gladiatoribus;
707 1282 772 1319 sed
790 1282 857 1330 ita,
877 1284 974 1320 bene
998 1282 1031 1321 si
1054 1295 1137 1320 rem
1155 1290 1294 1333 gerunt
1311 1297 1322 1321 z

205 1349 281 1375 non
303 1348 446 1387 quaero,
466 1336 568 1373 male
583 1336 614 1373 si
634 1348 672 1373 se
690 1337 849 1385 gessere.

261 1391 417 1441 Apenas
437 1389 502 1427 vix
521 1389 762 1434 discesseram
795 1402 884 1427 cum
910 1390 1079 1441 epistola.
1110 1389 1221 1438 Quid
1237 1390 1325 1429 ais?

205 1452 367 1504 putasne
385 1443 479 1487 fore,
506 1450 551 1480 ut
567 1444 693 1493 legem
713 1455 790 1480 non
808 1443 928 1482 ferat.
920 1452 935 1471 θ
971 1443 1061 1490 Dic,
1089 1457 1155 1482 oro
1179 1451 1230 1492 te,
1251 1444 1328 1483 813-

205 1512 306 1537 nus:
329 1497 393 1535 vix
409 1497 511 1534 enim
530 1496 628 1534 mihi
645 1497 845 1536 exaudisse
864 1497 1003 1536 videor.
1032 1498 1184 1536 Verum
1197 1498 1328 1537 statim

205 1553 268 1591 fac
295 1559 340 1590 ut
368 1551 502 1612 5813111,
532 1550 563 1589 51
592 1550 706 1588 1110ᾶο
731 1550 802 1589 tibi
832 1559 887 1590 est
915 1552 1174 1590 commodum.
1203 1551 1329 1590 Ludis

208 1606 367 1658 quidem
387 1605 570 1656 quoniam
589 1604 668 1642 dies
701 1613 756 1643 est
783 1605 949 1653 additus,
976 1618 1020 1644 eo
1048 1606 1162 1644 etiam
1188 1605 1327 1644 melius

207 1661 273 1698 hic
292 1671 382 1697 eum
407 1658 509 1696 diem
539 1671 628 1696 cum
658 1657 846 1710 Dionysio
870 1667 1120 1698 conteremus.
1148 1659 1212 1698 De
1231 1659 1328 1698 Tre-

207 1713 322 1753 bonio
339 1725 492 1764 prorsus
511 1712 582 1750 tibi
599 1712 794 1750 assentior.
822 1712 887 1752 De
904 1712 1094 1762 Domitio,

369 1795 484 1833 Συκῳ,
505 1802 558 1836 μα
578 1803 642 1829 την
663 1794 860 1838 Δημητρα,
884 1802 988 1826 cumn
1008 1787 1080 1826 ουδε
1103 1789 1136 1825 ἓν

367 1843 493 1884 Οὕτως
511 1843 624 1889 ὅμοιον
642 1855 791 1889 γεγονεν,

208 1943 328 1983 quam
347 1936 403 1968 est
415 1929 488 1967 ista
501 1944 723 1978 περιστασις
734 1936 896 1975 nostrae,
885 1944 895 1953 ·
917 1930 977 1968 vel
992 1929 1096 1991 quod
1110 1930 1159 1968 ab
1175 1928 1326 1977 iisdem,

207 1985 270 2023 vel
288 1983 392 2035 quod
409 1990 547 2034 praeter
564 1983 797 2034 opinionem,
817 1983 879 2022 vel
897 1983 1001 2034 quod
1020 1983 1092 2022 viri
1118 1983 1210 2021 boni
1234 1995 1329 2020 nus-

207 2050 339 2090 quam.
368 2037 506 2075 Unum
524 2036 720 2085 dissimile,
741 2037 846 2089 quod
862 2037 953 2075 huic
977 2037 1137 2075 merito:
1167 2049 1260 2074 nam
1277 2035 1328 2075 de

203 2093 288 2152 ipso
307 2103 394 2129 casu
414 2090 552 2138 nescio,
567 2103 617 2128 an
636 2090 734 2128 illud
749 2090 899 2129 melius.
927 2090 1036 2138 Quid
1050 2090 1153 2128 enim
1165 2091 1239 2128 hoc
1251 2089 1327 2128 mi-

205 2144 341 2192 serius,
362 2156 480 2195 quam
499 2157 604 2191 eum,
624 2144 693 2196 qui
710 2151 767 2183 tot
783 2152 921 2193 3111105,
939 2153 1034 2196 quot
1051 2144 1181 2193 habet,
1201 2143 1327 2194 desig-

203 2206 317 2238 natus
335 2197 468 2238 consul
486 2197 627 2246 fuerit,
641 2198 723 2237 fieri
747 2198 943 2238 consulem
962 2210 1037 2238 non
1058 2199 1200 2251 posse?
1228 2209 1327 2249 prae-

1503 1813 1513 2262 o-‚ntrum—.-
