1513 2382
219 114 296 150 281
435 111 516 150 AD
544 110 828 151 ATTICUM.
858 110 959 149 Lm.
980 110 1032 150 V.
1056 112 1118 149 15.

444 218 559 270 (15.)
589 218 801 258 CICERO
829 218 1051 257 ATTICO
1080 219 1120 257 S.

248 350 255 354 -
283 326 508 365 Laodiceam
539 326 625 364 veni
653 325 774 377 pridie
795 324 879 364 Cal.
906 325 1093 364 Sextiles:
1126 338 1174 364 ex
1191 325 1264 363 hoc
1281 325 1343 364 die

228 381 380 419 clavum
392 380 483 418 anni
492 379 673 418 movebis.
704 379 816 416 Nihil
831 379 1046 430 exoptatius
1060 378 1224 416 adventu
1238 391 1340 440 ineo,

228 434 323 472 nibil
344 434 477 472 carius.
511 433 584 471 Sed
597 440 651 470 est
668 432 902 481 incredibile,
917 445 1034 484 quam
1045 444 1110 470 me
1122 432 1264 483 negotii
1275 439 1344 470 tae-

228 487 326 526 deat.
355 487 446 525 Non
461 488 577 525 habet
594 487 684 524 satis
701 498 887 536 magnum
903 498 1083 536 campum
1096 485 1162 524 ille
1180 485 1250 524 tibi
1263 498 1342 524 non

226 541 382 592 ignotus
414 553 545 578 cursus
575 539 718 584 animi;
749 547 786 577 et
817 539 1014 577 industriae
1043 551 1140 580 meae
1163 539 1346 590 praeclara

230 607 344 645 opera
368 602 496 632 cessat.
527 593 684 644 Quippe
709 593 773 641 jus
793 592 990 630 Laodiceae
1014 605 1079 630 me
1096 592 1233 639 dioere,
1253 605 1343 630 curn

231 648 370 685 Romae
389 647 438 684 A.
461 647 608 685 Plotius
627 646 726 684 dicat
740 648 758 684 Ρ
787 653 838 694 et,
869 658 957 684 cum
989 645 1197 684 exercitum
1218 653 1344 684 noster

231 701 375 738 amicus
403 701 541 738 habeat
567 706 733 744 tantmn,
763 711 828 737 me
855 710 996 737 nomen
1019 699 1159 737 habere
1180 698 1345 736 duarum

230 754 425 804 legionum
469 753 656 791 exilium?
696 752 875 804 Denique
916 753 998 791 haec
1032 765 1109 790 non
1146 751 1341 798 desider03

231 808 372 854 lucem,
401 807 542 853 forum,
562 809 712 854 urbem,
741 806 915 854 domum,
935 819 1016 855 vos,
1045 805 1228 844 desidero.
1267 805 1345 844 Sed

232 861 370 908 feram,
396 868 442 899 ut
467 868 622 912 potero:
653 860 702 898 sit
719 860 834 898 modo
863 873 1049 898 annuum.
1093 859 1136 898 Si
1165 872 1347 911 proroga-

232 922 309 963 tur,
329 922 459 952 actum
487 922 553 952 est.
593 914 742 952 Verum
771 913 950 965 perfacile
975 913 1097 952 resisti
1119 919 1244 965 potest
1258 927 1270 951 t
1299 920 1344 951 tu

230 968 344 1006 modo
363 969 500 1006 Romae
519 968 579 1006 sis.

286 1021 451 1069 Quaeris,
472 1022 566 1073 quid
588 1022 653 1059 hic
678 1033 791 1072 agam
805 1023 823 1059 ?
852 1019 915 1059 Ita
932 1020 1074 1070 vivam,
1093 1027 1138 1058 ut
1154 1019 1346 1058 maximos

232 1083 382 1113 sumtus
401 1075 508 1114 facio.
546 1075 711 1113 Mirifice
729 1075 892 1113 delector
908 1075 980 1113 hoc
996 1074 1193 1113 instituto:
1224 1073 1348 1112 admi-

231 1129 360 1167 rabilis
390 1129 618 1167 abstinentia
643 1142 690 1166 ex
717 1128 914 1180 praeceptis
936 1127 1037 1175 tuis-3
1067 1135 1113 1165 ut
1133 1140 1275 1172 verear,
1297 1139 1348 1165 ne

231 1181 342 1227 illud,
357 1183 460 1234 quod
473 1190 597 1220 tecum
609 1182 837 1232 permutavi,
847 1181 1001 1220 versura
1012 1182 1109 1219 mihj
1123 1181 1348 1219 solvendum

234 1236 295 1272 sit.
325 1236 447 1287 Appii
461 1237 619 1274 vulnera
635 1248 711 1273 non
727 1235 882 1273 refrico:
913 1235 978 1274 sed
992 1241 1188 1286 apparent,
1203 1246 1273 1272 nec
1283 1246 1346 1272 oc-

233 1289 310 1326 culi
327 1297 497 1340 possunt.

290 1342 368 1380 Iter
387 1341 576 1381 Laodicea
603 1342 790 1380 faciebam
820 1355 854 1380 a.
881 1342 918 1380 d.
940 1341 1009 1380 ΙΙΙ
1037 1342 1142 1380 Non.
1164 1341 1342 1389 Sextiles,

234 1409 325 1434 cum
356 1397 425 1434 has
457 1397 583 1434 literas
614 1395 768 1443 dabam,
796 1396 836 1433 in
861 1403 981 1434 castra
1002 1395 1053 1433 ‘in
1078 1394 1315 1446 Lycaoniam
1331 1408 1344 1432 z

234 1449 324 1487 inde
361 1449 409 1487 ad
447 1449 625 1488 Taurum
661 1449 888 1500 cogitabam,
926 1456 971 1487 ut
1003 1461 1092 1487 cum
1125 1448 1349 1499 Moeragene

235 1503 353 1553 signis
380 1503 539 1551 collatis,
572 1503 603 1541 si
626 1515 790 1554 possem,
814 1503 862 1540 de
893 1516 999 1541 servo
1030 1510 1098 1540 tuo
1122 1501 1346 1540 deciderem.

237 1557 401 1595 Clitellae
418 1557 506 1595 bovi
526 1564 616 1595 sunt
634 1557 846 1607 impositae;
876 1557 990 1608 plane
1007 1568 1085 1593 non
1104 1562 1159 1594 est
1171 1562 1346 1594 nostrum

233 1623 354 1648 onus:
377 1610 443 1648 sed
461 1610 650 1649 feremus:
671 1610 786 1648 modo
807 1610 857 1662 (si
874 1623 937 1648 me
955 1608 1081 1660 amas)
1095 1609 1143 1647 sit
1156 1621 1344 1647 annuum.

234 1664 352 1702 Adsis
365 1671 407 1701 tu
422 1664 470 1701 ad
485 1671 651 1715 tempus,
666 1671 711 1701 ut
724 1672 897 1702 senatum
911 1671 1035 1702 totum
1050 1663 1200 1702 excites.
1233 1662 1350 1700 Miri-

234 1717 304 1756 fice
333 1718 516 1756 sollicitus
545 1731 645 1766 sum,
676 1717 780 1768 quod
805 1718 888 1767 jam
912 1718 979 1755 diu
997 1717 1128 1768 ignota
1145 1723 1234 1755 sunt
1249 1715 1350 1754 mihi

234 1771 307 1809 ista
325 1772 464 1809 omnia.
495 1771 640 1819 Quare,
660 1772 722 1822 (ut
739 1771 788 1809 ad
807 1779 844 1809 oe
862 1778 950 1809 ante
967 1768 1115 1822 scripsi)
1131 1782 1221 1809 cum
1239 1776 1350 1808 caeoe-

234 1838 290 1872 ra,
322 1832 406 1862 tum
436 1837 495 1863 rec
517 1825 685 1876 publica,
713 1822 804 1863 cura
831 1832 876 1863 ut
896 1824 994 1862 mihi
1017 1832 1108 1862 nota
1136 1824 1196 1862 sit.
1226 1823 1350 1862 Plura

237 1878 446 1916 scribebam
467 1878 574 1916 tarde
591 1878 810 1916 reddituro·
840 1879 905 1916 sed
925 1879 1065 1916 dabam
1084 1877 1262 1915 familiari
1279 1877 1350 1915 ho-

233 1931 330 1969 mini
343 1945 386 1970 ac
401 1932 617 1979 domestico,
635 1931 679 1970 C.
697 1932 930 1980 Andronico,
945 1931 1167 1969 Puteolano.
1197 1930 1264 1968 Tu
1278 1943 1348 1968 au-

237 1992 314 2022 tem
344 1998 442 2036 saepe
461 1986 550 2024 date
573 1985 777 2024 tabellariis
797 1986 1090 2037 publicanorum
1107 1984 1262 2036 poteris,
1280 1996 1349 2035 per

235 2038 434 2089 magistros
452 2039 646 2091 scripturae
663 2048 701 2078 et
717 2042 848 2091 portus
862 2046 1073 2079 nostrarum
1089 2037 1320 2078 dioecesium.
