<?xml version="1.0" encoding="UTF-8"?>
<!DOCTYPE html PUBLIC "-//W3C//DTD XHTML 1.0 Transitional//EN"
    "http://www.w3.org/TR/xhtml1/DTD/xhtml1-transitional.dtd">
<html xmlns="http://www.w3.org/1999/xhtml" xml:lang="en" lang="en">
 <head>
  <title>
</title>
<meta http-equiv="Content-Type" content="text/html;charset=utf-8" />
  <meta name='ocr-system' content='tesseract 3.04.00' />
  <meta name='ocr-capabilities' content='ocr_page ocr_carea ocr_par ocr_line ocrx_word'/>
</head>
<body>
  <div class='ocr_page' id='page_1' title='image "./operaern10ciceuoft_0107.png"; bbox 0 0 1513 2382; ppageno 0'>
   <div class='ocr_carea' id='block_1_1' title="bbox 367 117 1287 160">
    <p class='ocr_par' dir='ltr' id='par_1_1' title="bbox 367 117 1287 160">
     <span class='ocr_line' id='line_1_1' title="bbox 367 117 1287 160; baseline 0 -3"><span class='ocrx_word' id='word_1_1' title='bbox 367 117 450 157; x_wconf 91' lang='lat' dir='ltr'><strong>AD</strong></span> <span class='ocrx_word' id='word_1_2' title='bbox 479 117 774 159; x_wconf 87' lang='lat' dir='ltr'><strong>DIVERSOS.</strong></span> <span class='ocrx_word' id='word_1_3' title='bbox 799 119 897 158; x_wconf 76' lang='lat' dir='ltr'><strong>Lm.</strong></span> <span class='ocrx_word' id='word_1_4' title='bbox 928 120 1022 160; x_wconf 87' lang='lat' dir='ltr'><strong>XV.</strong></span> <span class='ocrx_word' id='word_1_5' title='bbox 1053 121 1091 157; x_wconf 86' lang='grc'><strong>4.</strong></span> <span class='ocrx_word' id='word_1_6' title='bbox 1234 120 1287 158; x_wconf 82' lang='grc'><strong>93</strong></span> 
     </span>
    </p>
   </div>
   <div class='ocr_carea' id='block_1_2' title="bbox 172 227 1302 2223">
    <p class='ocr_par' dir='ltr' id='par_1_2' title="bbox 172 227 1290 548">
     <span class='ocr_line' id='line_1_2' title="bbox 174 227 1290 280; baseline 0 -16"><span class='ocrx_word' id='word_1_7' title='bbox 174 231 283 274; x_wconf 84' lang='lat' dir='ltr'><strong>tates,</strong></span> <span class='ocrx_word' id='word_1_8' title='bbox 304 231 342 264; x_wconf 86' lang='lat' dir='ltr'><strong>et</strong></span> <span class='ocrx_word' id='word_1_9' title='bbox 359 227 531 276; x_wconf 85' lang='lat' dir='ltr'><strong>subieris,</strong></span> <span class='ocrx_word' id='word_1_10' title='bbox 552 235 590 267; x_wconf 85' lang='lat' dir='ltr'><strong>et</strong></span> <span class='ocrx_word' id='word_1_11' title='bbox 617 229 742 266; x_wconf 90' lang='lat' dir='ltr'><strong>multo</strong></span> <span class='ocrx_word' id='word_1_12' title='bbox 770 228 884 267; x_wconf 89' lang='lat' dir='ltr'><strong>etiam</strong></span> <span class='ocrx_word' id='word_1_13' title='bbox 912 228 1051 280; x_wconf 88' lang='lat' dir='ltr'><strong>magis,</strong></span> <span class='ocrx_word' id='word_1_14' title='bbox 1083 227 1114 266; x_wconf 91' lang='lat' dir='ltr'><strong>si</strong></span> <span class='ocrx_word' id='word_1_15' title='bbox 1132 239 1199 279; x_wconf 89' lang='lat' dir='ltr'><strong>per</strong></span> <span class='ocrx_word' id='word_1_16' title='bbox 1226 239 1290 265; x_wconf 91' lang='lat' dir='ltr'><strong>me</strong></span> 
     </span>
     <span class='ocr_line' id='line_1_3' title="bbox 174 279 1289 335; baseline 0.001 -18"><span class='ocrx_word' id='word_1_17' title='bbox 174 279 355 330; x_wconf 83' lang='lat' dir='ltr'><strong>licuisset,</strong></span> <span class='ocrx_word' id='word_1_18' title='bbox 383 282 509 320; x_wconf 87' lang='lat' dir='ltr'><strong>subire</strong></span> <span class='ocrx_word' id='word_1_19' title='bbox 537 283 797 335; x_wconf 88' lang='lat' dir='ltr'><strong>paratissimus</strong></span> <span class='ocrx_word' id='word_1_20' title='bbox 819 283 961 329; x_wconf 81' lang='lat' dir='ltr'><strong>fueris3</strong></span> <span class='ocrx_word' id='word_1_21' title='bbox 991 282 1095 333; x_wconf 87' lang='lat' dir='ltr'><strong>quod</strong></span> <span class='ocrx_word' id='word_1_22' title='bbox 1125 281 1289 332; x_wconf 87' lang='lat' dir='ltr'><strong>denique</strong></span> 
     </span>
     <span class='ocr_line' id='line_1_4' title="bbox 172 333 1290 388; baseline 0.001 -17"><span class='ocrx_word' id='word_1_23' title='bbox 172 333 374 373; x_wconf 85' lang='lat' dir='ltr'><strong>inimicum</strong></span> <span class='ocrx_word' id='word_1_24' title='bbox 404 348 550 384; x_wconf 89' lang='lat' dir='ltr'><strong>meum,</strong></span> <span class='ocrx_word' id='word_1_25' title='bbox 584 344 696 374; x_wconf 86' lang='lat' dir='ltr'><strong>tuum</strong></span> <span class='ocrx_word' id='word_1_26' title='bbox 727 336 926 374; x_wconf 87' lang='lat' dir='ltr'><strong>inimicum</strong></span> <span class='ocrx_word' id='word_1_27' title='bbox 964 336 1139 388; x_wconf 46' lang='lat' dir='ltr'><strong>putarim</strong></span> <span class='ocrx_word' id='word_1_28' title='bbox 1180 337 1290 384; x_wconf 89' lang='lat' dir='ltr'><strong>cujus</strong></span> 
     </span>
     <span class='ocr_line' id='line_1_5' title="bbox 174 387 1287 441; baseline 0 -15"><span class='ocrx_word' id='word_1_29' title='bbox 174 387 290 426; x_wconf 87' lang='lat' dir='ltr'><strong>etiam</strong></span> <span class='ocrx_word' id='word_1_30' title='bbox 309 389 519 436; x_wconf 87' lang='lat' dir='ltr'><strong>interitum,</strong></span> <span class='ocrx_word' id='word_1_31' title='bbox 541 394 602 434; x_wconf 92' lang='lat' dir='ltr'><strong>(ut</strong></span> <span class='ocrx_word' id='word_1_32' title='bbox 625 391 735 429; x_wconf 88' lang='lat' dir='ltr'><strong>facile</strong></span> <span class='ocrx_word' id='word_1_33' title='bbox 759 391 1025 441; x_wconf 79' lang='lat' dir='ltr'>intelligerem,</span> <span class='ocrx_word' id='word_1_34' title='bbox 1047 390 1144 427; x_wconf 89' lang='lat' dir='ltr'><strong>mihi</strong></span> <span class='ocrx_word' id='word_1_35' title='bbox 1163 401 1287 440; x_wconf 89' lang='lat' dir='ltr'><strong>quan-</strong></span> 
     </span>
     <span class='ocr_line' id='line_1_6' title="bbox 174 442 1287 494; baseline 0.001 -15"><span class='ocrx_word' id='word_1_36' title='bbox 174 448 260 479; x_wconf 88' lang='lat' dir='ltr'><strong>tum</strong></span> <span class='ocrx_word' id='word_1_37' title='bbox 278 443 479 494; x_wconf 87' lang='lat' dir='ltr'>tribueres)</span> <span class='ocrx_word' id='word_1_38' title='bbox 501 445 663 483; x_wconf 84' lang='lat' dir='ltr'>Milonis</span> <span class='ocrx_word' id='word_1_39' title='bbox 689 445 803 484; x_wconf 69' lang='lat' dir='ltr'><strong>causa</strong></span> <span class='ocrx_word' id='word_1_40' title='bbox 820 445 861 483; x_wconf 90' lang='lat' dir='ltr'><strong>in</strong></span> <span class='ocrx_word' id='word_1_41' title='bbox 887 453 1018 482; x_wconf 88' lang='lat' dir='ltr'><strong>senatu</strong></span> <span class='ocrx_word' id='word_1_42' title='bbox 1038 442 1287 490; x_wconf 70' lang='lat' dir='ltr'><strong>defendenda,</strong></span> 
     </span>
     <span class='ocr_line' id='line_1_7' title="bbox 176 497 410 548; baseline 0.004 -14"><span class='ocrx_word' id='word_1_43' title='bbox 176 497 410 548; x_wconf 64' lang='lat' dir='ltr'><strong>approbaris.</strong></span> 
     </span>
    </p>

    <p class='ocr_par' dir='ltr' id='par_1_3' title="bbox 174 551 1295 1022">
     <span class='ocr_line' id='line_1_8' title="bbox 229 551 1292 605; baseline 0 -17"><span class='ocrx_word' id='word_1_44' title='bbox 229 552 268 588; x_wconf 96' lang='lat' dir='ltr'>A</span> <span class='ocrx_word' id='word_1_45' title='bbox 286 563 349 590; x_wconf 89' lang='lat' dir='ltr'><strong>me</strong></span> <span class='ocrx_word' id='word_1_46' title='bbox 367 559 495 591; x_wconf 89' lang='lat' dir='ltr'><strong>autem</strong></span> <span class='ocrx_word' id='word_1_47' title='bbox 514 553 596 591; x_wconf 84' lang='lat' dir='ltr'><strong>haec</strong></span> <span class='ocrx_word' id='word_1_48' title='bbox 614 561 702 592; x_wconf 82' lang='lat' dir='ltr'><strong>sunt</strong></span> <span class='ocrx_word' id='word_1_49' title='bbox 722 553 902 605; x_wconf 77' lang='lat' dir='ltr'><strong>profecta,</strong></span> <span class='ocrx_word' id='word_1_50' title='bbox 924 566 1010 604; x_wconf 88' lang='lat' dir='ltr'><strong>quae</strong></span> <span class='ocrx_word' id='word_1_51' title='bbox 1030 565 1099 603; x_wconf 86' lang='lat' dir='ltr'><strong>ego</strong></span> <span class='ocrx_word' id='word_1_52' title='bbox 1117 551 1158 589; x_wconf 90' lang='lat' dir='ltr'><strong>in</strong></span> <span class='ocrx_word' id='word_1_53' title='bbox 1176 553 1292 590; x_wconf 90' lang='lat' dir='ltr'><strong>bene-</strong></span> 
     </span>
     <span class='ocr_line' id='line_1_9' title="bbox 175 603 1293 658; baseline 0 -16"><span class='ocrx_word' id='word_1_54' title='bbox 175 603 252 642; x_wconf 87' lang='lat' dir='ltr'><strong>ficii</strong></span> <span class='ocrx_word' id='word_1_55' title='bbox 278 605 360 644; x_wconf 90' lang='lat' dir='ltr'><strong>loco</strong></span> <span class='ocrx_word' id='word_1_56' title='bbox 378 619 454 644; x_wconf 91' lang='lat' dir='ltr'><strong>non</strong></span> <span class='ocrx_word' id='word_1_57' title='bbox 484 620 598 658; x_wconf 90' lang='lat' dir='ltr'><strong>pon0,</strong></span> <span class='ocrx_word' id='word_1_58' title='bbox 620 608 686 645; x_wconf 88' lang='lat' dir='ltr'><strong>sed</strong></span> <span class='ocrx_word' id='word_1_59' title='bbox 704 608 743 645; x_wconf 91' lang='lat' dir='ltr'><strong>in</strong></span> <span class='ocrx_word' id='word_1_60' title='bbox 770 607 848 646; x_wconf 85' lang='lat' dir='ltr'><strong>veri</strong></span> <span class='ocrx_word' id='word_1_61' title='bbox 868 607 1074 646; x_wconf 87' lang='lat' dir='ltr'><strong>testimonii</strong></span> <span class='ocrx_word' id='word_1_62' title='bbox 1093 613 1207 657; x_wconf 90' lang='lat' dir='ltr'><strong>atque</strong></span> <span class='ocrx_word' id='word_1_63' title='bbox 1228 606 1293 654; x_wconf 92' lang='lat' dir='ltr'><strong>ju-</strong></span> 
     </span>
     <span class='ocr_line' id='line_1_10' title="bbox 176 658 1293 712; baseline 0.001 -16"><span class='ocrx_word' id='word_1_64' title='bbox 176 658 292 704; x_wconf 81' lang='lat' dir='ltr'><strong>dicii3</strong></span> <span class='ocrx_word' id='word_1_65' title='bbox 322 667 367 698; x_wconf 90' lang='lat' dir='ltr'><strong>ut</strong></span> <span class='ocrx_word' id='word_1_66' title='bbox 395 662 722 712; x_wconf 61' lang='lat' dir='ltr'><strong>praestantissimas</strong></span> <span class='ocrx_word' id='word_1_67' title='bbox 747 669 833 700; x_wconf 89' lang='lat' dir='ltr'><strong>tuas</strong></span> <span class='ocrx_word' id='word_1_68' title='bbox 862 661 1019 699; x_wconf 87' lang='lat' dir='ltr'><strong>virtutes</strong></span> <span class='ocrx_word' id='word_1_69' title='bbox 1048 672 1123 698; x_wconf 91' lang='lat' dir='ltr'><strong>non</strong></span> <span class='ocrx_word' id='word_1_70' title='bbox 1156 660 1293 698; x_wconf 78' lang='lat' dir='ltr'><strong>tacitus</strong></span> 
     </span>
     <span class='ocr_line' id='line_1_11' title="bbox 175 712 1295 767; baseline 0 -17"><span class='ocrx_word' id='word_1_71' title='bbox 175 712 394 761; x_wconf 81' lang='lat' dir='ltr'>admirarer,</span> <span class='ocrx_word' id='word_1_72' title='bbox 417 715 521 767; x_wconf 85' lang='lat' dir='ltr'><strong>(quis</strong></span> <span class='ocrx_word' id='word_1_73' title='bbox 540 715 641 753; x_wconf 89' lang='lat' dir='ltr'><strong>enim</strong></span> <span class='ocrx_word' id='word_1_74' title='bbox 667 716 769 753; x_wconf 86' lang='lat' dir='ltr'><strong>idem</strong></span> <span class='ocrx_word' id='word_1_75' title='bbox 792 727 868 754; x_wconf 88' lang='lat' dir='ltr'><strong>non</strong></span> <span class='ocrx_word' id='word_1_76' title='bbox 892 715 982 754; x_wconf 87' lang='lat' dir='ltr'><strong>facit</strong></span> <span class='ocrx_word' id='word_1_77' title='bbox 999 717 1035 762; x_wconf 70' lang='grc' dir='ltr'><strong>ἓ)</strong></span> <span class='ocrx_word' id='word_1_78' title='bbox 1065 713 1130 752; x_wconf 84' lang='lat' dir='ltr'><strong>sed</strong></span> <span class='ocrx_word' id='word_1_79' title='bbox 1147 713 1188 750; x_wconf 90' lang='lat' dir='ltr'><strong>in</strong></span> <span class='ocrx_word' id='word_1_80' title='bbox 1211 726 1295 751; x_wconf 91' lang='lat' dir='ltr'><strong>om-</strong></span> 
     </span>
     <span class='ocr_line' id='line_1_12' title="bbox 175 766 1292 818; baseline 0 -14"><span class='ocrx_word' id='word_1_81' title='bbox 175 766 290 805; x_wconf 88' lang='lat' dir='ltr'><strong>nibus</strong></span> <span class='ocrx_word' id='word_1_82' title='bbox 309 768 555 817; x_wconf 88' lang='lat' dir='ltr'><strong>orationibus,</strong></span> <span class='ocrx_word' id='word_1_83' title='bbox 572 770 765 807; x_wconf 83' lang='lat' dir='ltr'><strong>sententiis</strong></span> <span class='ocrx_word' id='word_1_84' title='bbox 780 769 961 817; x_wconf 84' lang='lat' dir='ltr'><strong>dicendis,</strong></span> <span class='ocrx_word' id='word_1_85' title='bbox 982 768 1103 806; x_wconf 86' lang='lat' dir='ltr'><strong>causis</strong></span> <span class='ocrx_word' id='word_1_86' title='bbox 1122 767 1292 818; x_wconf 83' lang='lat' dir='ltr'><strong>agendis,</strong></span> 
     </span>
     <span class='ocr_line' id='line_1_13' title="bbox 176 821 1293 874; baseline 0 -16"><span class='ocrx_word' id='word_1_87' title='bbox 176 821 355 860; x_wconf 88' lang='lat' dir='ltr'><strong>omnibus</strong></span> <span class='ocrx_word' id='word_1_88' title='bbox 386 823 546 874; x_wconf 85' lang='lat' dir='ltr'><strong>scriptis,</strong></span> <span class='ocrx_word' id='word_1_89' title='bbox 586 824 742 871; x_wconf 87' lang='lat' dir='ltr'><strong>Graecis,</strong></span> <span class='ocrx_word' id='word_1_90' title='bbox 781 823 945 871; x_wconf 71' lang='lat' dir='ltr'><strong>Latinis,</strong></span> <span class='ocrx_word' id='word_1_91' title='bbox 985 822 1091 860; x_wconf 89' lang='lat' dir='ltr'><strong>omni</strong></span> <span class='ocrx_word' id='word_1_92' title='bbox 1127 821 1293 872; x_wconf 89' lang='lat' dir='ltr'><strong>denique</strong></span> 
     </span>
     <span class='ocr_line' id='line_1_14' title="bbox 174 874 1294 926; baseline 0.001 -15"><span class='ocrx_word' id='word_1_93' title='bbox 174 874 355 913; x_wconf 80' lang='lat' dir='ltr'><strong>varietate</strong></span> <span class='ocrx_word' id='word_1_94' title='bbox 383 876 579 915; x_wconf 88' lang='lat' dir='ltr'><strong>literarum</strong></span> <span class='ocrx_word' id='word_1_95' title='bbox 604 889 793 925; x_wconf 88' lang='lat' dir='ltr'><strong>meamm,</strong></span> <span class='ocrx_word' id='word_1_96' title='bbox 821 885 858 915; x_wconf 90' lang='lat' dir='ltr'><strong>te</strong></span> <span class='ocrx_word' id='word_1_97' title='bbox 886 889 964 915; x_wconf 82' lang='lat' dir='ltr'><strong>non</strong></span> <span class='ocrx_word' id='word_1_98' title='bbox 991 876 1106 914; x_wconf 90' lang='lat' dir='ltr'><strong>modo</strong></span> <span class='ocrx_word' id='word_1_99' title='bbox 1128 875 1173 912; x_wconf 90' lang='lat' dir='ltr'><strong>iis</strong></span> <span class='ocrx_word' id='word_1_100' title='bbox 1199 888 1294 926; x_wconf 91' lang='lat' dir='ltr'><strong>quos</strong></span> 
     </span>
     <span class='ocr_line' id='line_1_15' title="bbox 176 927 1294 983; baseline 0.001 -18"><span class='ocrx_word' id='word_1_101' title='bbox 176 927 414 979; x_wconf 86' lang='lat' dir='ltr'><strong>vidissemus,</strong></span> <span class='ocrx_word' id='word_1_102' title='bbox 435 930 500 969; x_wconf 89' lang='lat' dir='ltr'><strong>sed</strong></span> <span class='ocrx_word' id='word_1_103' title='bbox 524 930 569 969; x_wconf 86' lang='lat' dir='ltr'><strong>iis</strong></span> <span class='ocrx_word' id='word_1_104' title='bbox 597 931 645 969; x_wconf 88' lang='lat' dir='ltr'><strong>de</strong></span> <span class='ocrx_word' id='word_1_105' title='bbox 669 931 810 983; x_wconf 90' lang='lat' dir='ltr'><strong>quibus</strong></span> <span class='ocrx_word' id='word_1_106' title='bbox 839 930 1091 978; x_wconf 75' lang='lat' dir='ltr'><strong>audissemus,</strong></span> <span class='ocrx_word' id='word_1_107' title='bbox 1115 929 1294 967; x_wconf 90' lang='lat' dir='ltr'><strong>omnibus</strong></span> 
     </span>
     <span class='ocr_line' id='line_1_16' title="bbox 176 982 415 1022; baseline 0.013 -3"><span class='ocrx_word' id='word_1_108' title='bbox 176 982 415 1022; x_wconf 86' lang='lat' dir='ltr'>anteferrem.</span> 
     </span>
    </p>

    <p class='ocr_par' dir='ltr' id='par_1_4' title="bbox 178 1036 1301 1685">
     <span class='ocr_line' id='line_1_17' title="bbox 232 1036 1298 1090; baseline 0.001 -16"><span class='ocrx_word' id='word_1_109' title='bbox 232 1036 391 1084; x_wconf 87' lang='lat' dir='ltr'><strong>Quaeres</strong></span> <span class='ocrx_word' id='word_1_110' title='bbox 422 1038 591 1087; x_wconf 84' lang='lat' dir='ltr'><strong>fortasse,</strong></span> <span class='ocrx_word' id='word_1_111' title='bbox 623 1039 717 1090; x_wconf 91' lang='lat' dir='ltr'><strong>quid</strong></span> <span class='ocrx_word' id='word_1_112' title='bbox 748 1038 808 1088; x_wconf 88' lang='lat' dir='ltr'><strong>sit,</strong></span> <span class='ocrx_word' id='word_1_113' title='bbox 839 1038 944 1090; x_wconf 92' lang='lat' dir='ltr'><strong>quod</strong></span> <span class='ocrx_word' id='word_1_114' title='bbox 974 1051 1044 1089; x_wconf 86' lang='lat' dir='ltr'><strong>ego</strong></span> <span class='ocrx_word' id='word_1_115' title='bbox 1072 1037 1144 1076; x_wconf 88' lang='lat' dir='ltr'><strong>hoc</strong></span> <span class='ocrx_word' id='word_1_116' title='bbox 1173 1037 1298 1076; x_wconf 88' lang='lat' dir='ltr'><strong>nescio</strong></span> 
     </span>
     <span class='ocr_line' id='line_1_18' title="bbox 179 1090 1296 1141; baseline 0.002 -14"><span class='ocrx_word' id='word_1_117' title='bbox 179 1090 273 1141; x_wconf 90' lang='lat' dir='ltr'><strong>quid</strong></span> <span class='ocrx_word' id='word_1_118' title='bbox 291 1092 554 1141; x_wconf 85' lang='lat' dir='ltr'><strong>gratulationis</strong></span> <span class='ocrx_word' id='word_1_119' title='bbox 573 1100 609 1131; x_wconf 93' lang='lat' dir='ltr'><strong>et</strong></span> <span class='ocrx_word' id='word_1_120' title='bbox 627 1093 780 1131; x_wconf 86' lang='lat' dir='ltr'><strong>honoris</strong></span> <span class='ocrx_word' id='word_1_121' title='bbox 795 1106 817 1130; x_wconf 91' lang='lat' dir='ltr'><strong>a</strong></span> <span class='ocrx_word' id='word_1_122' title='bbox 836 1100 967 1131; x_wconf 86' lang='lat' dir='ltr'><strong>senatu</strong></span> <span class='ocrx_word' id='word_1_123' title='bbox 983 1092 1080 1130; x_wconf 85' lang='lat' dir='ltr'><strong>tanti</strong></span> <span class='ocrx_word' id='word_1_124' title='bbox 1099 1092 1296 1130; x_wconf 86' lang='lat' dir='ltr'><strong>aestimem.</strong></span> 
     </span>
     <span class='ocr_line' id='line_1_19' title="bbox 179 1145 1298 1195; baseline 0.002 -14"><span class='ocrx_word' id='word_1_125' title='bbox 179 1145 310 1195; x_wconf 88' lang='lat' dir='ltr'><strong>Agam</strong></span> <span class='ocrx_word' id='word_1_126' title='bbox 336 1146 419 1195; x_wconf 91' lang='lat' dir='ltr'><strong>jam</strong></span> <span class='ocrx_word' id='word_1_127' title='bbox 448 1154 575 1185; x_wconf 92' lang='lat' dir='ltr'><strong>tecum</strong></span> <span class='ocrx_word' id='word_1_128' title='bbox 604 1146 854 1195; x_wconf 85' lang='lat' dir='ltr'><strong>familiariter,</strong></span> <span class='ocrx_word' id='word_1_129' title='bbox 884 1154 930 1184; x_wconf 89' lang='lat' dir='ltr'><strong>ut</strong></span> <span class='ocrx_word' id='word_1_130' title='bbox 952 1154 1007 1184; x_wconf 89' lang='lat' dir='ltr'><strong>est</strong></span> <span class='ocrx_word' id='word_1_131' title='bbox 1037 1154 1074 1184; x_wconf 88' lang='lat' dir='ltr'><strong>et</strong></span> <span class='ocrx_word' id='word_1_132' title='bbox 1097 1145 1230 1184; x_wconf 88' lang='lat' dir='ltr'><strong>studiis</strong></span> <span class='ocrx_word' id='word_1_133' title='bbox 1260 1152 1298 1183; x_wconf 86' lang='lat' dir='ltr'><strong>et</strong></span> 
     </span>
     <span class='ocr_line' id='line_1_20' title="bbox 179 1198 1301 1251; baseline 0.001 -15"><span class='ocrx_word' id='word_1_134' title='bbox 179 1198 311 1237; x_wconf 83' lang='lat' dir='ltr'><strong>officiis</strong></span> <span class='ocrx_word' id='word_1_135' title='bbox 329 1201 466 1239; x_wconf 86' lang='lat' dir='ltr'><strong>nostris</strong></span> <span class='ocrx_word' id='word_1_136' title='bbox 484 1200 643 1249; x_wconf 89' lang='lat' dir='ltr'><strong>mutuis,</strong></span> <span class='ocrx_word' id='word_1_137' title='bbox 660 1209 697 1238; x_wconf 91' lang='lat' dir='ltr'><strong>et</strong></span> <span class='ocrx_word' id='word_1_138' title='bbox 713 1201 866 1239; x_wconf 66' lang='lat' dir='ltr'><strong>summa</strong></span> <span class='ocrx_word' id='word_1_139' title='bbox 885 1200 1051 1238; x_wconf 62' lang='lat' dir='ltr'><strong>amicitia</strong></span> <span class='ocrx_word' id='word_1_140' title='bbox 1070 1200 1246 1251; x_wconf 86' lang='lat' dir='ltr'><strong>dignum,</strong></span> <span class='ocrx_word' id='word_1_141' title='bbox 1263 1206 1301 1237; x_wconf 85' lang='lat' dir='ltr'><strong>et</strong></span> 
     </span>
     <span class='ocr_line' id='line_1_21' title="bbox 179 1253 1297 1306; baseline 0.001 -17"><span class='ocrx_word' id='word_1_142' title='bbox 179 1253 456 1293; x_wconf 86' lang='lat' dir='ltr'><strong>necessitudine</strong></span> <span class='ocrx_word' id='word_1_143' title='bbox 485 1255 599 1293; x_wconf 89' lang='lat' dir='ltr'><strong>etiam</strong></span> <span class='ocrx_word' id='word_1_144' title='bbox 626 1255 797 1306; x_wconf 63' lang='lat' dir='ltr'><strong>paterna.</strong></span> <span class='ocrx_word' id='word_1_145' title='bbox 824 1255 867 1294; x_wconf 81' lang='lat' dir='ltr'><strong>Si</strong></span> <span class='ocrx_word' id='word_1_146' title='bbox 892 1254 1096 1306; x_wconf 85' lang='lat' dir='ltr'><strong>quisquam</strong></span> <span class='ocrx_word' id='word_1_147' title='bbox 1122 1253 1197 1291; x_wconf 89' lang='lat' dir='ltr'><strong>fuit</strong></span> <span class='ocrx_word' id='word_1_148' title='bbox 1223 1265 1297 1290; x_wconf 93' lang='lat' dir='ltr'><strong>un-</strong></span> 
     </span>
     <span class='ocr_line' id='line_1_22' title="bbox 178 1307 1298 1360; baseline -0.001 -16"><span class='ocrx_word' id='word_1_149' title='bbox 178 1319 299 1358; x_wconf 84' lang='lat' dir='ltr'><strong>quam</strong></span> <span class='ocrx_word' id='word_1_150' title='bbox 327 1316 495 1347; x_wconf 87' lang='lat' dir='ltr'><strong>remotus</strong></span> <span class='ocrx_word' id='word_1_151' title='bbox 523 1317 560 1347; x_wconf 89' lang='lat' dir='ltr'><strong>et</strong></span> <span class='ocrx_word' id='word_1_152' title='bbox 584 1309 736 1357; x_wconf 70' lang='lat' dir='ltr'><strong>natura,</strong></span> <span class='ocrx_word' id='word_1_153' title='bbox 765 1316 801 1347; x_wconf 92' lang='lat' dir='ltr'><strong>et</strong></span> <span class='ocrx_word' id='word_1_154' title='bbox 827 1309 950 1360; x_wconf 86' lang='lat' dir='ltr'><strong>magis</strong></span> <span class='ocrx_word' id='word_1_155' title='bbox 976 1308 1090 1347; x_wconf 84' lang='lat' dir='ltr'><strong>etiarn</strong></span> <span class='ocrx_word' id='word_1_156' title='bbox 1117 1312 1177 1350; x_wconf 90' lang='lat' dir='ltr'><strong>(ut</strong></span> <span class='ocrx_word' id='word_1_157' title='bbox 1200 1307 1298 1344; x_wconf 89' lang='lat' dir='ltr'><strong>mihi</strong></span> 
     </span>
     <span class='ocr_line' id='line_1_23' title="bbox 180 1360 1298 1414; baseline 0.001 -17"><span class='ocrx_word' id='word_1_158' title='bbox 180 1360 338 1411; x_wconf 92' lang='lat' dir='ltr'><strong>quidem</strong></span> <span class='ocrx_word' id='word_1_159' title='bbox 369 1363 505 1401; x_wconf 91' lang='lat' dir='ltr'><strong>sentire</strong></span> <span class='ocrx_word' id='word_1_160' title='bbox 537 1363 684 1411; x_wconf 82' lang='lat' dir='ltr'><strong>videor)</strong></span> <span class='ocrx_word' id='word_1_161' title='bbox 715 1363 860 1401; x_wconf 87' lang='lat' dir='ltr'><strong>ratione</strong></span> <span class='ocrx_word' id='word_1_162' title='bbox 889 1370 1004 1414; x_wconf 87' lang='lat' dir='ltr'><strong>atque</strong></span> <span class='ocrx_word' id='word_1_163' title='bbox 1034 1361 1217 1409; x_wconf 65' lang='lat' dir='ltr'><strong>doctrina,</strong></span> <span class='ocrx_word' id='word_1_164' title='bbox 1249 1362 1298 1398; x_wconf 90' lang='lat' dir='ltr'><strong>ab</strong></span> 
     </span>
     <span class='ocr_line' id='line_1_24' title="bbox 178 1414 1298 1468; baseline 0 -17"><span class='ocrx_word' id='word_1_165' title='bbox 178 1414 286 1452; x_wconf 87' lang='lat' dir='ltr'><strong>inani</strong></span> <span class='ocrx_word' id='word_1_166' title='bbox 316 1415 444 1465; x_wconf 82' lang='lat' dir='ltr'><strong>laude,</strong></span> <span class='ocrx_word' id='word_1_167' title='bbox 479 1425 517 1456; x_wconf 86' lang='lat' dir='ltr'><strong>et</strong></span> <span class='ocrx_word' id='word_1_168' title='bbox 553 1417 789 1455; x_wconf 89' lang='lat' dir='ltr'><strong>sermonibus</strong></span> <span class='ocrx_word' id='word_1_169' title='bbox 820 1417 941 1468; x_wconf 85' lang='lat' dir='ltr'><strong>vulgi,</strong></span> <span class='ocrx_word' id='word_1_170' title='bbox 973 1429 1042 1467; x_wconf 89' lang='lat' dir='ltr'><strong>ego</strong></span> <span class='ocrx_word' id='word_1_171' title='bbox 1068 1415 1236 1467; x_wconf 90' lang='lat' dir='ltr'><strong>profecto</strong></span> <span class='ocrx_word' id='word_1_172' title='bbox 1265 1415 1298 1452; x_wconf 83' lang='lat' dir='ltr'><strong>is</strong></span> 
     </span>
     <span class='ocr_line' id='line_1_25' title="bbox 180 1469 1298 1521; baseline 0.001 -16"><span class='ocrx_word' id='word_1_173' title='bbox 180 1481 280 1506; x_wconf 86' lang='lat' dir='ltr'><strong>sum.</strong></span> <span class='ocrx_word' id='word_1_174' title='bbox 310 1469 440 1509; x_wconf 88' lang='lat' dir='ltr'><strong>Testis</strong></span> <span class='ocrx_word' id='word_1_175' title='bbox 466 1479 522 1509; x_wconf 87' lang='lat' dir='ltr'><strong>est</strong></span> <span class='ocrx_word' id='word_1_176' title='bbox 549 1472 767 1509; x_wconf 80' lang='lat' dir='ltr'><strong>consulatus</strong></span> <span class='ocrx_word' id='word_1_177' title='bbox 785 1484 918 1516; x_wconf 82' lang='lat' dir='ltr'><strong>meus3</strong></span> <span class='ocrx_word' id='word_1_178' title='bbox 949 1470 988 1507; x_wconf 88' lang='lat' dir='ltr'><strong>in</strong></span> <span class='ocrx_word' id='word_1_179' title='bbox 1015 1483 1105 1521; x_wconf 90' lang='lat' dir='ltr'><strong>quo,</strong></span> <span class='ocrx_word' id='word_1_180' title='bbox 1134 1470 1232 1508; x_wconf 90' lang='lat' dir='ltr'><strong>sicut</strong></span> <span class='ocrx_word' id='word_1_181' title='bbox 1256 1469 1298 1506; x_wconf 89' lang='lat' dir='ltr'><strong>in</strong></span> 
     </span>
     <span class='ocr_line' id='line_1_26' title="bbox 179 1522 1300 1574; baseline 0.001 -15"><span class='ocrx_word' id='word_1_182' title='bbox 179 1522 328 1574; x_wconf 64' lang='lat' dir='ltr'><strong>reliqua</strong></span> <span class='ocrx_word' id='word_1_183' title='bbox 346 1524 440 1571; x_wconf 66' lang='lat' dir='ltr'><strong>vita,</strong></span> <span class='ocrx_word' id='word_1_184' title='bbox 460 1525 594 1572; x_wconf 83' lang='lat' dir='ltr'><strong>fateor,</strong></span> <span class='ocrx_word' id='word_1_185' title='bbox 610 1539 656 1563; x_wconf 87' lang='lat' dir='ltr'><strong>ea</strong></span> <span class='ocrx_word' id='word_1_186' title='bbox 673 1538 735 1563; x_wconf 89' lang='lat' dir='ltr'><strong>me</strong></span> <span class='ocrx_word' id='word_1_187' title='bbox 755 1525 918 1563; x_wconf 80' lang='lat' dir='ltr'><strong>studiose</strong></span> <span class='ocrx_word' id='word_1_188' title='bbox 937 1532 1125 1570; x_wconf 88' lang='lat' dir='ltr'><strong>secutum,</strong></span> <span class='ocrx_word' id='word_1_189' title='bbox 1146 1536 1194 1561; x_wconf 80' lang='lat' dir='ltr'><strong>ex</strong></span> <span class='ocrx_word' id='word_1_190' title='bbox 1213 1523 1300 1574; x_wconf 88' lang='lat' dir='ltr'><strong>qui-</strong></span> 
     </span>
     <span class='ocr_line' id='line_1_27' title="bbox 179 1577 1300 1630; baseline 0 -16"><span class='ocrx_word' id='word_1_191' title='bbox 179 1577 252 1614; x_wconf 89' lang='lat' dir='ltr'><strong>bus</strong></span> <span class='ocrx_word' id='word_1_192' title='bbox 272 1591 360 1615; x_wconf 89' lang='lat' dir='ltr'><strong>vera</strong></span> <span class='ocrx_word' id='word_1_193' title='bbox 377 1579 498 1629; x_wconf 89' lang='lat' dir='ltr'><strong>gloria</strong></span> <span class='ocrx_word' id='word_1_194' title='bbox 516 1579 620 1617; x_wconf 86' lang='lat' dir='ltr'><strong>nasci</strong></span> <span class='ocrx_word' id='word_1_195' title='bbox 638 1586 762 1630; x_wconf 88' lang='lat' dir='ltr'><strong>posset</strong></span> <span class='ocrx_word' id='word_1_196' title='bbox 778 1593 790 1625; x_wconf 80' lang='lat'>3</span> <span class='ocrx_word' id='word_1_197' title='bbox 819 1579 944 1630; x_wconf 84' lang='lat' dir='ltr'><strong>ipsam</strong></span> <span class='ocrx_word' id='word_1_198' title='bbox 962 1578 1118 1630; x_wconf 90' lang='lat' dir='ltr'><strong>quidem</strong></span> <span class='ocrx_word' id='word_1_199' title='bbox 1137 1578 1300 1628; x_wconf 89' lang='lat' dir='ltr'><strong>gloriam</strong></span> 
     </span>
     <span class='ocr_line' id='line_1_28' title="bbox 180 1633 960 1685; baseline 0.001 -17"><span class='ocrx_word' id='word_1_200' title='bbox 180 1642 249 1681; x_wconf 90' lang='lat' dir='ltr'><strong>per</strong></span> <span class='ocrx_word' id='word_1_201' title='bbox 268 1644 307 1670; x_wconf 90' lang='lat' dir='ltr'><strong>se</strong></span> <span class='ocrx_word' id='word_1_202' title='bbox 325 1644 527 1684; x_wconf 89' lang='lat' dir='ltr'><strong>nunquam</strong></span> <span class='ocrx_word' id='word_1_203' title='bbox 545 1634 677 1684; x_wconf 90' lang='lat' dir='ltr'><strong>putavi</strong></span> <span class='ocrx_word' id='word_1_204' title='bbox 697 1633 960 1685; x_wconf 81' lang='lat' dir='ltr'><strong>expetendam.</strong></span> 
     </span>
    </p>

    <p class='ocr_par' dir='ltr' id='par_1_5' title="bbox 175 1684 1302 2223">
     <span class='ocr_line' id='line_1_29' title="bbox 235 1684 1301 1738; baseline 0 -16"><span class='ocrx_word' id='word_1_205' title='bbox 235 1684 375 1736; x_wconf 81' lang='lat' dir='ltr'><strong>Itaque</strong></span> <span class='ocrx_word' id='word_1_206' title='bbox 403 1695 441 1725; x_wconf 90' lang='lat' dir='ltr'><strong>et</strong></span> <span class='ocrx_word' id='word_1_207' title='bbox 467 1687 703 1738; x_wconf 88' lang='lat' dir='ltr'><strong>provinciam</strong></span> <span class='ocrx_word' id='word_1_208' title='bbox 728 1694 918 1734; x_wconf 89' lang='lat' dir='ltr'><strong>ornatam,</strong></span> <span class='ocrx_word' id='word_1_209' title='bbox 947 1693 985 1724; x_wconf 88' lang='lat' dir='ltr'><strong>et</strong></span> <span class='ocrx_word' id='word_1_210' title='bbox 1003 1698 1109 1737; x_wconf 90' lang='lat' dir='ltr'><strong>spem</strong></span> <span class='ocrx_word' id='word_1_211' title='bbox 1132 1697 1210 1723; x_wconf 89' lang='lat' dir='ltr'><strong>non</strong></span> <span class='ocrx_word' id='word_1_212' title='bbox 1228 1684 1301 1722; x_wconf 91' lang='lat' dir='ltr'><strong>du-</strong></span> 
     </span>
     <span class='ocr_line' id='line_1_30' title="bbox 180 1737 1301 1792; baseline 0 -16"><span class='ocrx_word' id='word_1_213' title='bbox 180 1737 286 1776; x_wconf 82' lang='lat' dir='ltr'><strong>biam</strong></span> <span class='ocrx_word' id='word_1_214' title='bbox 304 1739 506 1792; x_wconf 86' lang='lat' dir='ltr'><strong>triumphi,</strong></span> <span class='ocrx_word' id='word_1_215' title='bbox 530 1741 693 1792; x_wconf 84' lang='lat' dir='ltr'><strong>neglexi.</strong></span> <span class='ocrx_word' id='word_1_216' title='bbox 721 1741 986 1780; x_wconf 87' lang='lat' dir='ltr'><strong>Sacerdotium</strong></span> <span class='ocrx_word' id='word_1_217' title='bbox 1011 1739 1190 1790; x_wconf 89' lang='lat' dir='ltr'><strong>denique,</strong></span> <span class='ocrx_word' id='word_1_218' title='bbox 1211 1751 1301 1776; x_wconf 89' lang='lat' dir='ltr'><strong>cum</strong></span> 
     </span>
     <span class='ocr_line' id='line_1_31' title="bbox 181 1792 1302 1844; baseline 0 -14"><span class='ocrx_word' id='word_1_219' title='bbox 181 1792 528 1844; x_wconf 81' lang='lat' dir='ltr'><strong>(quemadmodum</strong></span> <span class='ocrx_word' id='word_1_220' title='bbox 550 1802 588 1833; x_wconf 83' lang='lat' dir='ltr'><strong>te</strong></span> <span class='ocrx_word' id='word_1_221' title='bbox 612 1795 830 1833; x_wconf 80' lang='lat' dir='ltr'><strong>existimare</strong></span> <span class='ocrx_word' id='word_1_222' title='bbox 857 1795 1036 1840; x_wconf 85' lang='lat' dir='ltr'><strong>arbitror)</strong></span> <span class='ocrx_word' id='word_1_223' title='bbox 1056 1805 1133 1831; x_wconf 90' lang='lat' dir='ltr'><strong>non</strong></span> <span class='ocrx_word' id='word_1_224' title='bbox 1152 1792 1302 1831; x_wconf 81' lang='lat' dir='ltr'><strong>difficil-</strong></span> 
     </span>
     <span class='ocr_line' id='line_1_32' title="bbox 177 1846 1300 1900; baseline 0.004 -16"><span class='ocrx_word' id='word_1_225' title='bbox 177 1846 272 1884; x_wconf 91' lang='lat' dir='ltr'><strong>lime</strong></span> <span class='ocrx_word' id='word_1_226' title='bbox 297 1849 476 1900; x_wconf 85' lang='lat' dir='ltr'><strong>consequi</strong></span> <span class='ocrx_word' id='word_1_227' title='bbox 494 1862 658 1900; x_wconf 90' lang='lat' dir='ltr'><strong>possem,</strong></span> <span class='ocrx_word' id='word_1_228' title='bbox 686 1861 763 1887; x_wconf 91' lang='lat' dir='ltr'><strong>non</strong></span> <span class='ocrx_word' id='word_1_229' title='bbox 783 1848 959 1900; x_wconf 86' lang='lat' dir='ltr'><strong>appetivi.</strong></span> <span class='ocrx_word' id='word_1_230' title='bbox 991 1847 1116 1893; x_wconf 88' lang='lat' dir='ltr'><strong>Idem,</strong></span> <span class='ocrx_word' id='word_1_231' title='bbox 1136 1854 1222 1898; x_wconf 86' lang='lat' dir='ltr'><strong>post</strong></span> <span class='ocrx_word' id='word_1_232' title='bbox 1239 1846 1300 1888; x_wconf 83' lang='lat' dir='ltr'><strong>in-</strong></span> 
     </span>
     <span class='ocr_line' id='line_1_33' title="bbox 175 1900 1301 1955; baseline 0.001 -18"><span class='ocrx_word' id='word_1_233' title='bbox 175 1900 320 1949; x_wconf 90' lang='lat' dir='ltr'><strong>juriam</strong></span> <span class='ocrx_word' id='word_1_234' title='bbox 338 1910 547 1953; x_wconf 83' lang='lat' dir='ltr'><strong>acceptam,</strong></span> <span class='ocrx_word' id='word_1_235' title='bbox 571 1905 708 1955; x_wconf 87' lang='lat' dir='ltr'><strong>(quam</strong></span> <span class='ocrx_word' id='word_1_236' title='bbox 735 1911 778 1941; x_wconf 83' lang='lat' dir='ltr'><strong>tu</strong></span> <span class='ocrx_word' id='word_1_237' title='bbox 798 1902 1016 1953; x_wconf 86' lang='lat' dir='ltr'><strong>reipublicae</strong></span> <span class='ocrx_word' id='word_1_238' title='bbox 1044 1900 1301 1939; x_wconf 86' lang='lat' dir='ltr'><strong>calamitatem</strong></span> 
     </span>
     <span class='ocr_line' id='line_1_34' title="bbox 179 1954 1300 2008; baseline 0 -16"><span class='ocrx_word' id='word_1_239' title='bbox 179 1967 328 2006; x_wconf 86' lang='lat' dir='ltr'><strong>semper</strong></span> <span class='ocrx_word' id='word_1_240' title='bbox 345 1957 530 2007; x_wconf 89' lang='lat' dir='ltr'><strong>appellas,</strong></span> <span class='ocrx_word' id='word_1_241' title='bbox 552 1970 621 2008; x_wconf 88' lang='lat' dir='ltr'><strong>ego</strong></span> <span class='ocrx_word' id='word_1_242' title='bbox 639 1969 767 1994; x_wconf 88' lang='lat' dir='ltr'><strong>meam</strong></span> <span class='ocrx_word' id='word_1_243' title='bbox 787 1968 864 1994; x_wconf 90' lang='lat' dir='ltr'><strong>non</strong></span> <span class='ocrx_word' id='word_1_244' title='bbox 879 1956 994 1993; x_wconf 91' lang='lat' dir='ltr'><strong>modo</strong></span> <span class='ocrx_word' id='word_1_245' title='bbox 1012 1966 1089 1993; x_wconf 91' lang='lat' dir='ltr'><strong>non</strong></span> <span class='ocrx_word' id='word_1_246' title='bbox 1105 1954 1300 1993; x_wconf 88' lang='lat' dir='ltr'><strong>calamita-</strong></span> 
     </span>
     <span class='ocr_line' id='line_1_35' title="bbox 178 2008 1300 2062; baseline 0 -17"><span class='ocrx_word' id='word_1_247' title='bbox 178 2014 272 2057; x_wconf 88' lang='lat' dir='ltr'><strong>tem,</strong></span> <span class='ocrx_word' id='word_1_248' title='bbox 306 2009 373 2047; x_wconf 90' lang='lat' dir='ltr'><strong>sed</strong></span> <span class='ocrx_word' id='word_1_249' title='bbox 402 2010 517 2048; x_wconf 90' lang='lat' dir='ltr'><strong>etiam</strong></span> <span class='ocrx_word' id='word_1_250' title='bbox 549 2011 727 2062; x_wconf 88' lang='lat' dir='ltr'><strong>gloriam)</strong></span> <span class='ocrx_word' id='word_1_251' title='bbox 757 2009 887 2048; x_wconf 87' lang='lat' dir='ltr'><strong>studui</strong></span> <span class='ocrx_word' id='word_1_252' title='bbox 913 2022 1031 2061; x_wconf 88' lang='lat' dir='ltr'><strong>quam</strong></span> <span class='ocrx_word' id='word_1_253' title='bbox 1061 2008 1300 2046; x_wconf 83' lang='lat' dir='ltr'><strong>ornatissima</strong></span> 
     </span>
     <span class='ocr_line' id='line_1_36' title="bbox 176 2062 1297 2116; baseline 0.001 -17"><span class='ocrx_word' id='word_1_254' title='bbox 176 2064 328 2101; x_wconf 65' lang='lat' dir='ltr'><strong>senatus</strong></span> <span class='ocrx_word' id='word_1_255' title='bbox 346 2064 557 2116; x_wconf 91' lang='lat' dir='ltr'><strong>populique</strong></span> <span class='ocrx_word' id='word_1_256' title='bbox 576 2064 746 2103; x_wconf 88' lang='lat' dir='ltr'><strong>Romani</strong></span> <span class='ocrx_word' id='word_1_257' title='bbox 761 2064 807 2101; x_wconf 90' lang='lat' dir='ltr'><strong>de</strong></span> <span class='ocrx_word' id='word_1_258' title='bbox 821 2076 884 2102; x_wconf 90' lang='lat' dir='ltr'><strong>me</strong></span> <span class='ocrx_word' id='word_1_259' title='bbox 900 2063 1045 2113; x_wconf 86' lang='lat' dir='ltr'><strong>judicia</strong></span> <span class='ocrx_word' id='word_1_260' title='bbox 1055 2062 1297 2101; x_wconf 87' lang='lat' dir='ltr'><strong>intercedere.</strong></span> 
     </span>
     <span class='ocr_line' id='line_1_37' title="bbox 176 2113 1299 2170; baseline -0.002 -15"><span class='ocrx_word' id='word_1_261' title='bbox 176 2113 316 2168; x_wconf 80' lang='lat' dir='ltr'><strong>Itaque</strong></span> <span class='ocrx_word' id='word_1_262' title='bbox 334 2125 372 2155; x_wconf 86' lang='lat' dir='ltr'><strong>et</strong></span> <span class='ocrx_word' id='word_1_263' title='bbox 400 2131 526 2169; x_wconf 86' lang='lat' dir='ltr'><strong>augur</strong></span> <span class='ocrx_word' id='word_1_264' title='bbox 550 2127 680 2170; x_wconf 87' lang='lat' dir='ltr'><strong>postea</strong></span> <span class='ocrx_word' id='word_1_265' title='bbox 698 2118 780 2156; x_wconf 89' lang='lat' dir='ltr'><strong>fieri</strong></span> <span class='ocrx_word' id='word_1_266' title='bbox 806 2118 924 2166; x_wconf 87' lang='lat' dir='ltr'><strong>volui,</strong></span> <span class='ocrx_word' id='word_1_267' title='bbox 945 2117 1050 2169; x_wconf 89' lang='lat' dir='ltr'><strong>quod</strong></span> <span class='ocrx_word' id='word_1_268' title='bbox 1076 2124 1187 2154; x_wconf 87' lang='lat' dir='ltr'><strong>antea</strong></span> <span class='ocrx_word' id='word_1_269' title='bbox 1206 2129 1299 2167; x_wconf 82' lang='lat' dir='ltr'><strong>neg-</strong></span> 
     </span>
     <span class='ocr_line' id='line_1_38' title="bbox 177 2169 1300 2223; baseline 0.001 -16"><span class='ocrx_word' id='word_1_270' title='bbox 177 2169 374 2217; x_wconf 76' lang='lat' dir='ltr'><strong>lexeram3</strong></span> <span class='ocrx_word' id='word_1_271' title='bbox 404 2179 442 2210; x_wconf 87' lang='lat' dir='ltr'><strong>et</strong></span> <span class='ocrx_word' id='word_1_272' title='bbox 461 2185 550 2211; x_wconf 88' lang='lat' dir='ltr'><strong>eum</strong></span> <span class='ocrx_word' id='word_1_273' title='bbox 567 2172 766 2220; x_wconf 89' lang='lat' dir='ltr'><strong>honorem,</strong></span> <span class='ocrx_word' id='word_1_274' title='bbox 787 2171 855 2223; x_wconf 92' lang='lat' dir='ltr'><strong>qui</strong></span> <span class='ocrx_word' id='word_1_275' title='bbox 870 2185 893 2210; x_wconf 87' lang='lat' dir='ltr'><strong>a</strong></span> <span class='ocrx_word' id='word_1_276' title='bbox 905 2179 1036 2210; x_wconf 89' lang='lat' dir='ltr'><strong>senatu</strong></span> <span class='ocrx_word' id='word_1_277' title='bbox 1055 2170 1173 2209; x_wconf 89' lang='lat' dir='ltr'><strong>tribui</strong></span> <span class='ocrx_word' id='word_1_278' title='bbox 1188 2171 1300 2208; x_wconf 86' lang='lat' dir='ltr'><strong>rebus</strong></span> 
     </span>
    </p>
   </div>
  </div>
 </body>
</html>
