1513 2382
404 79 487 118 AD
514 79 797 119 ATTICUM.
829 80 926 118 Lm.
948 80 998 119 V.
1026 80 1084 118 18.
1221 80 1299 124 287

188 191 233 223 ut
250 184 386 224 faciam
405 200 523 238 quam
541 187 704 225 minima
721 187 825 225 illius
849 186 1089 225 contumelia.
1129 186 1205 224 Sed
1224 187 1295 225 hoc

188 238 313 276 Bruto
326 247 453 279 nostro
466 241 582 279 velim
595 240 712 288 dicas,
728 241 840 278 illum
854 240 982 278 fecisse
997 252 1071 277 non
1086 240 1199 286 belle,
1213 240 1296 291 qui,

188 291 354 331 adventu
371 306 471 341 meo,
487 306 604 345 quam
618 293 836 345 longissime
849 293 1028 344 potuerit,
1044 293 1262 332 discesserit.

402 451 518 497 (18.)
547 450 760 490 CICERO
789 449 1012 489 ATTICO
1041 452 1081 490 S.

237 556 370 605 Quam
389 557 526 594 vellem
546 558 683 595 Romae
697 571 806 603 esses,
833 557 865 595 si
890 557 985 595 forte
1009 569 1087 595 non
1107 570 1168 596 es:
1199 556 1296 594 nihil

184 610 287 648 enim
307 610 396 649 certi
413 610 661 657 habebamus,
682 611 755 648 nisi
773 611 956 662 accepisse
980 623 1048 648 nos
1068 619 1153 649 tuas
1171 611 1297 648 literas

183 664 270 702 a.d.
296 664 403 702 XIV
425 662 508 702 Cal.
529 665 690 702 Sextiles
715 664 847 707 datas;
877 665 914 701 in
946 666 1085 715 quibus
1113 665 1296 715 scriptum

184 725 293 763 esset,
308 725 344 755 te
363 717 401 754 in
415 717 578 768 Epirum
595 718 740 755 iturum
753 717 896 755 circiter
912 718 994 756 Cal.
1012 718 1183 756 Sextiles.
1204 717 1295 763 Sed,

182 770 260 808 sive
273 771 409 808 Romae
423 783 474 815 es,
492 771 568 809 sive
582 771 621 807 in
634 771 768 821 Epiro,
786 771 920 808 Parthi
933 771 1158 822 Euphraten
1174 779 1297 808 trans-

183 823 323 871 ierunt,
349 824 444 862 duce
465 824 622 869 Pacoro,
643 824 797 871 Orodis,
817 825 914 874 regis
943 825 1188 870 Parthorum,
1202 824 1295 871 filio,

182 878 327 916 cunctis
346 877 422 916 fere
441 877 568 928 copiis.
603 877 768 916 Bibulus
786 877 958 914 nondum
977 877 1200 915 audiebatur
1219 891 1297 916 esse

182 931 224 969 in
243 931 366 982 Syria„
396 931 548 969 Cassius
566 931 606 968 in
621 931 760 981 oppido
779 930 991 969 Antiochiae
1005 943 1094 968 cum
1109 931 1215 969 omni
1229 944 1296 969 ex-

185 984 315 1023 ercitu.
345 984 428 1022 Nos
448 985 488 1022 in
506 983 748 1035 Cappadocia
763 984 811 1022 ad
828 984 1004 1021 Taurum
1020 997 1108 1021 cum
1127 985 1293 1022 exercitu

182 1038 233 1076 ad
250 1037 437 1088 Cybistra.
470 1037 604 1075 Hostis
617 1037 657 1074 in
674 1037 915 1089 Cyrrhestica
929 1050 941 1082 ;
972 1050 1058 1088 quae
1072 1038 1192 1089 Syriae
1208 1051 1297 1089 pars

180 1092 358 1144 proxima
375 1098 430 1129 est
448 1090 650 1142 provinciae
663 1103 770 1129 meae.

235 1145 312 1183 His
330 1144 378 1182 de
395 1146 509 1182 rebus
533 1144 665 1195 scripsi
690 1144 738 1182 ad
757 1151 956 1183 senatum:
986 1157 1081 1195 quas
1099 1143 1240 1191 literas,
1261 1144 1294 1182 si

180 1199 319 1238 Romae
337 1211 390 1245 es,
411 1197 568 1244 videbis,
588 1204 747 1248 putesne
766 1197 1000 1241 reddendam
1021 1205 1058 1234 et
1069 1198 1206 1244 multa,
1221 1198 1295 1235 im-

179 1264 246 1291 mo
263 1252 415 1290 omnia:
446 1263 612 1303 quorum
633 1257 844 1300 κεφαλαιον,
867 1263 915 1288 ne
933 1250 1028 1302 quid
1059 1251 1174 1302 (inter
1200 1264 1296 1290 caesa

180 1313 219 1344 et
235 1312 421 1357 porrecta,
452 1312 497 1342 ut
520 1303 646 1353 aiunt)
676 1304 799 1342 oneris
816 1304 914 1342 mihi
931 1303 1093 1342 addatur
1111 1312 1179 1343 aut
1196 1311 1296 1342 tem-

179 1359 294 1411 poris.
323 1358 448 1397 Nobis
467 1358 585 1405 enim,
614 1358 687 1396 hac
710 1357 930 1396 infimiitate
948 1357 1146 1404 exercitus,
1166 1357 1297 1409 inopia

178 1413 380 1459 sociorum,
393 1412 602 1463 prasertim
615 1411 802 1459 fidelium,
815 1411 1066 1449 certissimum
1079 1411 1294 1449 subsidium

179 1474 237 1504 ωε
252 1466 387 1504 hiems.
417 1465 479 1503 Ea
496 1465 528 1503 si
545 1465 702 1513 venerit,
722 1477 791 1503 nec
812 1464 870 1502 illi
895 1471 982 1502 ante
999 1464 1040 1502 in
1060 1477 1186 1502 meam
1205 1477 1294 1515 pro-

179 1520 343 1558 vinciam
360 1519 590 1566 transierint,
610 1530 734 1556 unum
753 1530 894 1564 vereor,
921 1529 970 1555 ne
995 1524 1159 1564 senatus,
1180 1530 1295 1568 prop-

177 1580 236 1612 ter
263 1575 496 1611 urbanarum
515 1584 643 1610 rerum
661 1579 823 1618 metum,
854 1570 1085 1621 Pompeium
1113 1571 1208 1609 nolit
1236 1571 1294 1608 di-

177 1626 340 1666 mittere.
369 1625 488 1673 Quod
516 1625 548 1663 si
577 1625 697 1663 alium
716 1624 764 1662 ad
783 1637 847 1662 ver
869 1624 1002 1670 mittit,
1028 1635 1104 1661 non
1133 1624 1264 1663 laboro
1277 1639 1292 1663 ε

176 1680 286 1719 nobis
304 1679 419 1717 modo
437 1678 617 1729 temporis
635 1691 683 1717 ne
701 1678 793 1729 quid
812 1685 1045 1728 prorogetur.

231 1734 329 1772 Haec
355 1732 485 1784 igitur,
506 1732 538 1770 si
557 1732 695 1770 Romae
717 1744 775 1769 as:
805 1731 862 1769 sin
891 1732 994 1778 abes,
1022 1738 1090 1768 aut
1115 1729 1228 1768 etiarn
1259 1729 1292 1768 si

175 1787 278 1835 ades,
298 1787 379 1824 haec
396 1785 549 1836 negotia
572 1785 624 1823 sic
648 1798 689 1823 se
706 1785 860 1823 habent.
892 1785 1047 1822 Stamus
1064 1783 1216 1830 animis,
1235 1792 1287 1831 et,

175 1840 268 1892 quia
284 1839 447 1878 consiliis
477 1840 540 1889 (ut
557 1837 749 1887 videmur)
777 1837 886 1876 bonis
904 1838 1063 1884 utimur,
1093 1850 1290 1888 speramus

173 1895 289 1933 etiarn
306 1905 439 1931 manu.
478 1893 583 1930 Tuto
601 1892 852 1938 consedimus,
873 1890 1020 1941 copioso
1039 1903 1062 1928 a
1079 1889 1286 1938 frumento,

174 1947 349 1986 Ciliciam
366 1959 486 1998 prope
499 1945 762 1997 conspiciente,
779 1943 954 1995 expedito
972 1944 1020 1981 ad
1037 1944 1283 1991 mutandum,

173 2002 279 2046 looo3
308 2012 426 2052 parvo
444 1999 624 2046 exercitu,
654 1998 719 2037 sed
747 2002 808 2041 (ut
825 1995 953 2048 spero)
982 1997 1031 2035 ad
1058 1998 1285 2036 benevolen-

173 2055 269 2094 tiam
287 2067 376 2104 erga
393 2065 462 2091 nos
480 2052 734 2091 consentiente
750 2066 760 2089 ι
790 2063 906 2102 quem
925 2062 1008 2097 nos,
1027 2050 1199 2089 Deiotari
1216 2051 1284 2089 ad-

174 2116 290 2147 ventu
308 2120 397 2146 cum
416 2107 495 2145 suis
512 2106 690 2146 omnibus
702 2105 839 2159 Α«ιορὶὶε,
861 2103 1095 2156 duplicaturi·
1115 2117 1284 2149 eramus,
