1513 2382
294 83 367 126 172
488 83 568 121 AD
596 82 876 121 ATTIGUM.
907 82 1005 120 Lu3.
1033 79 1066 119 Ι.
1092 83 1157 119 20.

289 191 627 228 senatus-consulto
662 189 871 240 intelligere
898 195 1017 240 potes,
1050 188 1164 226 aliam
1194 199 1274 225 rem
1307 194 1389 226 tum

289 243 472 289 relatam3
501 243 572 282 hoc
601 251 744 290 autem,
771 243 818 281 de
842 242 992 293 populis
1013 241 1154 288 liberis,
1180 241 1262 278 sine
1279 241 1394 279 causa

290 295 489 335 additum:
522 305 558 335 et
586 297 639 334 ita
667 297 808 334 factum
840 303 895 334 est
915 309 938 334 a
964 296 1009 333 P.
1029 294 1187 334 Servilio
1213 293 1305 341 filio,
1326 294 1394 346 qui

289 349 330 386 in
362 351 560 400 postremis
592 350 816 388 sententiam
846 349 969 386 dixit:
1000 348 1065 386 sed
1100 347 1298 385 immutari
1321 347 1394 386 hoc

290 410 460 454 tempore
492 416 567 442 non
598 411 731 454 potest.
773 404 910 453 Itaque
940 409 1158 447 conventus,
1190 399 1258 451 qui
1288 400 1397 438 initio

290 456 589 503 celebrabantur,
617 459 699 506 jam
729 456 795 493 diu
824 455 905 493 fieri
933 455 1134 493 desierunt.
1162 453 1229 491 Tu
1261 453 1293 491 si
1322 453 1398 491 tuis

289 509 483 548 blanditiis
520 518 648 548 tamen
677 523 699 547 a
725 509 907 560 Sicyoniis
936 509 1227 546 nummulorum
1252 506 1398 558 aliquid

292 564 516 613 expresseris
533 578 544 609 ;
575 563 703 610 velim,
723 575 787 600 me
804 562 918 599 facias
937 561 1143 599 certiorem.

347 617 674 654 commentarium
706 615 920 653 consulatus
948 615 1026 651 mei
1055 614 1187 652 Graece
1213 612 1401 664 composi-

293 677 378 707 tum
403 670 488 707 misi
521 670 570 707 ad
598 678 662 715 te;
693 669 733 705 in
763 680 839 720 quo
857 668 890 705 si
908 667 1001 718 quid
1023 667 1107 715 erit,
1131 666 1234 717 quod
1250 666 1398 704 homini

295 723 425 760 Attico
444 723 572 761 minus
598 723 777 760 Graecum
807 720 1076 771 eruditumque
1096 720 1294 765 videatur3
1323 731 1401 757 non

292 776 430 822 dicam,
461 776 563 827 quod
591 776 659 814 tibi
682 779 743 819 (ut
763 774 913 825 opinor)
937 773 1118 811 Panormi
1148 773 1336 810 Lucullus
1353 773 1402 811 de

294 830 372 867 suis
390 830 554 868 historiis
579 829 750 874 dixerat3
781 841 832 875 se,
856 840 932 878 quo
950 827 1097 865 facilius
1123 826 1208 864 fflas
1228 827 1404 877 probaret

298 884 466 920 Romani
497 883 662 921 hominis
692 894 784 929 esse,
809 881 947 919 idcirco
974 882 1134 918 barbara
1162 879 1338 930 quaedam
1365 887 1402 917 et

297 946 446 973 σολοικα
465 937 692 988 dispersisse.
721 934 844 986 Apud
862 947 925 972 me
943 933 976 971 si
994 933 1088 985 quid
1106 932 1176 971 erit
1194 932 1397 982 ejusmodi,

295 1002 359 1027 me
376 990 617 1042 imprudente
636 990 705 1027 erit
723 996 760 1026 et
777 988 908 1026 invito.
938 988 1123 1025 Latinum
1149 986 1180 1024 si
1197 986 1400 1037 perfecero,

296 1043 345 1080 ad
363 1051 400 1081 te
423 1044 587 1082 mittam.
615 1043 795 1081 Tertium
817 1042 956 1092 po'e’ma
980 1046 1208 1090 exspectato,
1231 1051 1280 1077 ne
1297 1038 1401 1091 quod

297 1109 417 1147 genus
437 1111 460 1135 a
477 1110 539 1135 me
557 1098 639 1148 ipso
656 1095 780 1134 laudis
799 1108 894 1133 meae
911 1094 1232 1146 praetermittatur.

354 1151 434 1188 Hic
465 1159 523 1198 tu,
554 1163 657 1196 cave,
689 1149 804 1194 dicas,
837 1164 894 1191 τις
924 1147 1050 1196 πατερ’
1073 1159 1234 1191 acauno-513
1276 1145 1318 1184 Si
1349 1152 1406 1183 est

297 1203 399 1241 enim
419 1204 522 1255 apud
539 1203 710 1241 homines
730 1201 955 1252 quidquam,
976 1198 1078 1250 quod
1096 1199 1221 1249 potius
1240 1199 1302 1246 sit,
1321 1199 1406 1236 lau-

298 1256 436 1303 detur3
467 1270 535 1295 nos
554 1257 825 1307 vituperemur,
856 1254 923 1305 qui
940 1265 1016 1290 non
1040 1252 1166 1304 potius
1185 1252 1260 1290 alia
1275 1252 1408 1290 laude·

301 1323 399 1348 mus.
427 1311 678 1361 Quamquam
704 1321 780 1345 non
809 1321 1083 1355 εγκωμιαστικα
1113 1312 1202 1344 sunt
1226 1305 1322 1354 haec,
1341 1305 1407 1343 sed

305 1366 486 1413 ι’στορικα,
507 1377 593 1415 quae
612 1362 825 1401 scribimus.

355 1416 525 1463 Quintus
553 1417 668 1454 frater
695 1421 834 1466 purgat
861 1426 902 1451 se
923 1412 1092 1450 multum
1119 1425 1187 1464 per
1209 1412 1353 1459 literas,
1373 1418 1410 1450 et

301 1470 480 1519 affirmat,
500 1470 598 1508 nihil
616 1483 640 1507 a
657 1482 695 1507 se
713 1468 893 1519 cuiquam
911 1466 958 1504 de
976 1474 1013 1504 te
1033 1479 1138 1504 secus
1156 1478 1234 1504 esse
1251 1465 1410 1503 dictum.

302 1524 452 1561 Verum
480 1525 561 1562 haec
579 1523 688 1561 nobis
717 1533 844 1560 coram
865 1519 1019 1558 summa
1041 1520 1132 1558 cura
1155 1527 1193 1557 et
1217 1517 1412 1569 diligentia

305 1585 394 1615 sunt
413 1578 582 1628 agenda:
612 1583 655 1614 tu
674 1574 788 1613 modo
816 1586 885 1611 nos
904 1573 1021 1611 revise
1041 1572 1258 1624 aliquando.
1287 1571 1413 1610 Cossi-

306 1631 394 1668 nius
412 1631 487 1678 hic,
508 1631 570 1669 cui
587 1629 675 1667 dedi
691 1629 832 1675 literas,
852 1626 961 1664 valde
978 1626 1076 1664 mihi
1093 1629 1215 1664 bonus
1232 1625 1362 1673 homo,
1376 1632 1413 1663 et

307 1696 384 1722 non
402 1685 509 1732 levis,
531 1692 568 1722 et
594 1694 726 1721 amans
750 1680 821 1728 tui,
847 1680 949 1718 visus
974 1687 1043 1728 est,
1070 1686 1108 1717 et
1131 1679 1231 1728 talis,
1261 1679 1415 1729 qualem

310 1750 387 1776 esse
402 1751 490 1776 eum
510 1746 586 1776 tuae
604 1736 700 1774 mihi
717 1735 835 1773 lioerae
852 1732 1084 1771 nuntiarant.
1113 1732 1249 1771 Idibus
1267 1732 1387 1770 Mart.

526 1896 642 1950 (20.)
671 1895 881 1935 CICERO
913 1892 1134 1933 ATTICO
1160 1894 1202 1932 S.

364 2006 466 2044 Cum
485 2018 506 2043 e
536 2004 771 2056 Pompeiano
794 2016 858 2041 me
881 2004 1049 2041 Romam
1070 1999 1292 2050 recepissem
1311 2012 1346 2037 a.
1376 1998 1416 2037 d.

313 2059 375 2097 IV
396 2059 488 2096 Idus
509 2058 622 2105 Maii,
650 2058 805 2096 Cincius
823 2063 947 2096 noster
972 2067 1056 2093 eam
1080 2053 1177 2091 mihi
1197 2054 1265 2091 abs
1282 2059 1320 2091 te
1337 2053 1418 2104 epi-

311 2113 446 2150 stolam
475 2111 651 2159 reddidit,
683 2124 800 2163 quam
830 2117 873 2148 tu
905 2108 1006 2148 Idib.
1038 2107 1133 2146 Feb.
1162 2105 1330 2145 dederas.
1365 2105 1417 2144 Ei

312 2177 414 2204 nunc
443 2164 609 2217 epistolae
637 2164 754 2204 literis
779 2163 840 2203 his
871 2160 1114 2215 respondebo.
1142 2159 1205 2199 Ac
1231 2159 1416 2211 primum,
