1513 2382
285 68 369 107 AD
398 68 685 108 ATTICUM.
716 69 817 108 Lm.
839 68 939 108 VII.
977 69 1039 107 13.
1148 68 1227 111 349.

167 174 359 226 Utr-igitur
381 175 436 214 ita
453 178 697 227 perturbato,
709 177 780 215 etsi
800 186 837 216 te
858 176 990 216 eadem
1013 174 1230 229 sollicitant,

107 228 233 267 scribe
250 228 410 280 aliquid,
430 238 468 268 et
487 231 670 279 maxime,
690 231 723 269 si
742 231 950 283 Pompeius
974 230 1091 269 Italia
1109 228 1229 273 cedet,

112 281 210 332 quid
241 283 350 321 nobis
382 284 575 334 agendum
607 293 730 336 putes.
772 284 836 322 Μ’
874 284 1030 336 quidem
1059 282 1231 334 Lepidus

115 336 225 385 (nam
243 335 389 375 fuimus
413 337 512 386 una)
532 351 621 376 eum
639 339 756 377 finem
775 339 920 386 statuit,
942 338 990 376 L.
1010 338 1231 388 Torquatus

109 389 305 428 eumdem.
335 391 407 429 Me
429 404 519 430 cum
537 392 675 437 multa,
697 400 781 430 tum
806 393 921 431 etiam
939 392 1087 430 lictores
1106 391 1228 441 impeq

113 441 225 480 diunt
241 458 252 481 :
293 444 390 482 nihil
421 445 498 483 vidi
527 459 714 497 unquam,
748 446 852 498 quod
883 446 1012 483 minus
1048 443 1229 494 explicari

111 504 248 546 posset.
279 498 416 549 Itaque
435 512 458 537 a
477 507 513 537 te
526 499 624 538 nihil
641 500 736 538 dum
755 499 845 538 certi
863 499 1041 551 exquiro,
1052 498 1119 536 sed
1135 496 1230 548 quid

110 549 294 589 videatur.
324 551 503 604 Denique
516 553 639 604 ipsam
655 569 803 605 αποριαυ
818 560 926 592 tuam
940 553 1052 605 cupio
1071 563 1229 602 cognos-

108 615 203 642 cere.

165 657 383 698 Labienum
415 662 463 698 ab
492 660 559 698 ino
584 660 806 709 discessisse,
829 659 1109 713 propemodum
1137 670 1227 696 con-

108 718 197 749 stat.
226 712 268 751 Si
287 713 341 751 ita
353 715 500 752 factum
515 722 624 761 esset,
644 722 688 752 ut
702 715 766 753 isse
786 716 955 753 Romam
973 713 1126 752 veniens
1145 724 1230 750 ma-

109 765 312 815 gistratum
332 775 369 805 et
387 776 562 806 senatum
587 769 725 806 Romae
744 769 962 817 offenderet,
981 779 1123 817 magno
1141 765 1231 803 usui

108 831 232 858 causae
249 828 386 859 nostrae
403 822 548 859 fuisset.
575 822 790 861 Damnasse
816 824 919 861 enim
938 821 1084 860 sceleris
1102 819 1228 858 homi-

107 884 200 911 nem
228 874 410 921 amicum,
443 875 661 927 reipublicae
694 877 821 924 causa,
863 877 1052 914 videretur
1067 889 1080 921 ;
1124 872 1230 925 quod

107 938 211 964 nunc
224 940 377 979 quoque
393 929 541 967 videtur
557 938 578 975 ;’
598 929 663 968 sed
677 930 805 968 minus
823 930 973 982 prodest
990 944 999 966 :
1030 928 1228 966 nonenim

106 978 237 1029 habet,
268 982 330 1019 cui
362 983 504 1033 prosit:
536 996 702 1035 eumque
733 985 893 1022 arbitror
921 983 1124 1034 poenitere:
1155 980 1229 1019 nisi

106 1034 209 1072 forte
238 1035 279 1073 id
306 1036 436 1087 ipsum
472 1045 528 1075 est
563 1037 720 1084 falsum,
752 1038 960 1076 discessisse
987 1037 1100 1074 illum
1114 1047 1139 1073 ι’
1154 1047 1225 1074 nos

108 1088 267 1139 quidem
298 1103 368 1141 pro
401 1098 500 1129 certo
537 1091 783 1129 habebamus.
812 1092 868 1129 Et
904 1091 1034 1138 velim,
1070 1095 1225 1141 (quam-

105 1155 242 1193 quam,
262 1152 307 1181 ut
325 1144 468 1191 scribis,
484 1144 698 1183 domesticis
717 1155 755 1183 te
772 1145 913 1183 finibus
923 1152 1044 1192 tenes)
1059 1144 1225 1182 formam

108 1196 205 1234 mihi
231 1197 348 1236 Urbis
371 1211 565 1249 exponas;
597 1199 742 1249 ecquod
773 1198 949 1249 Pompeii
978 1197 1222 1244 desiderium,

105 1259 228 1301 ecqua
248 1250 408 1290 Caesaris
426 1253 583 1301 invidia,
597 1259 801 1303 appareat:
833 1253 948 1291 etiam
967 1252 1061 1303 quid
1075 1263 1224 1289 censeas

105 1302 154 1341 de
173 1303 353 1344 Terentia
371 1314 409 1344 et
436 1305 582 1353 Tullia,
611 1306 751 1343 Romae
775 1319 837 1344 eas
857 1319 952 1353 esse,
979 1318 1028 1343 an
1053 1317 1222 1352 mecum,

105 1369 156 1394 an
174 1356 303 1409 aliquo
322 1368 405 1398 tuto
422 1360 517 1399 loco.
545 1360 601 1397 Et
619 1359 714 1406 haec,
732 1367 769 1397 et
788 1360 820 1398 si
839 1360 934 1412 quid
952 1359 1072 1408 aliud,
1092 1358 1141 1397 ad
1160 1370 1223 1396 me

103 1411 257 1462 scribas,
278 1414 406 1461 velim,
422 1414 483 1452 vel
499 1414 626 1466 potius
645 1413 842 1464 scriptitas-

320 1575 438 1627 (13.)
468 1574 682 1615 CICERO
710 1574 932 1615 ATTICO
962 1576 1002 1615 S.

158 1681 222 1722 De
251 1681 514 1732 Vennonianis
538 1685 651 1722 rebus
680 1682 751 1721 tibi
781 1682 972 1721 assentior.
1001 1681 1221 1720 Labienum

102 1735 204 1784 ἥρωα
218 1736 360 1786 judico.
389 1736 554 1775 Facinus
575 1737 726 1786 jamdiu
751 1737 903 1775 nullum
931 1736 1040 1775 civile
1066 1737 1221 1786 praecla-

105 1789 186 1827 rius
200 1796 225 1827 ε’
242 1790 324 1841 qui,
345 1797 389 1828 ut
407 1790 512 1828 aliud
531 1791 642 1838 nihil,
662 1791 734 1828 hoc
756 1798 885 1831 tamen
903 1790 1090 1842 profecit;
1119 1789 1223 1827 dedit

104 1842 163 1880 illi
181 1843 363 1882 dolorem.
393 1844 468 1882 Sed
493 1844 608 1883 etiam
633 1844 683 1882 ad
701 1857 895 1882 summam
920 1844 1133 1895 profectum
1152 1843 1222 1881 ali-

105 1897 200 1947 quid
230 1905 335 1949 puto.
379 1899 484 1936 Amo
516 1899 630 1936 etiam
661 1898 869 1943 Pisonem3
900 1899 1010 1948 cujus
1031 1897 1221 1947 judicium

104 1949 153 1988 de
182 1964 320 2002 genero
349 1952 518 2003 suspicor
549 1952 675 1990 visum
707 1952 766 1989 iri
786 1958 911 2003 grave.
939 1951 1221 2002 ‘Quamquam,

101 2016 226 2054 genus
244 2006 336 2044 belli
355 2006 458 2057 quod
484 2006 545 2055 sit,
566 2006 682 2044 vides.
709 2006 771 2043 Ita
789 2006 899 2044 civile
927 2013 996 2048 est,
1016 2014 1061 2043 ut
1077 2016 1156 2042 non
1174 2017 1221 2042 ex

104 2057 246 2096 civium
278 2059 520 2108 dissensione,
552 2060 619 2098 sed
650 2073 697 2098 ex
726 2059 841 2097 unius
864 2059 1004 2111 perditi
1033 2058 1124 2097 civis
1151 2071 1220 2096 au-

97 2110 224 2161 dacia,
256 2120 392 2152 natum
422 2114 483 2152 sit.
513 2113 560 2152 Is
591 2122 722 2152 autem
750 2113 851 2151 valet
882 2112 1049 2152 exercitu
1063 2126 1079 2159 ς
1119 2118 1222 2150 tenet

102 2164 245 2204 multos
262 2179 330 2218 spe
343 2175 381 2205 et
398 2167 619 2218 promissis:
650 2167 973 2206 omniaomnium
991 2165 1220 2218 concupivit.

158 2219 328 2271 (Epist.)
351 2232 456 2259 VOL.
477 2233 525 2260 11.
865 2222 890 2258 2
915 2232 946 2259 Η
