1513 2382
273 93 356 132 AD
384 93 668 132 ATTICUM.
698 94 797 132 Lm.
822 93 855 132 Ι.
891 94 952 132 19.
1107 95 1180 132 169

67 201 148 238 Sub
176 201 340 239 lustrum
376 208 505 239 autem
542 202 698 248 censeri,
735 201 907 252 germani
939 200 1180 251 negotiatoris

70 261 136 292 est.
166 254 309 302 Quare,
330 267 421 293 cura
439 263 483 293 ut
501 262 538 293 te
556 255 846 307 quamprimum
860 254 1067 293 videamus.
1099 254 1182 292 eal.

72 307 184 346 Febr.
204 308 255 357 Q.
276 309 440 348 Metello
458 316 496 347 et
514 309 562 347 L.
583 308 749 348 Afranio
767 309 872 347 Coss

284 477 303 529 (
323 478 404 527 19.)
432 477 643 517 CICERO
670 476 891 516 ATTICO
920 477 960 515 S.

125 584 218 623 Non
250 584 378 632 modo,
406 586 439 623 si
460 585 558 623 mihi
586 594 737 625 tantum
764 593 861 624 esset
885 585 966 633 otii,
994 592 1182 636 quantum

73 645 129 675 est
147 638 231 686 tibi,
252 651 385 677 verum
403 639 532 684 etiam,
553 640 586 678 si
604 648 685 678 tam
703 642 834 678 breves
853 639 1026 690 epistolas
1045 638 1183 676 vellem

72 691 234 740 mittere,
262 705 380 743 quam
409 700 452 730 tu
477 694 574 732 soles
603 694 737 740 facere,
761 700 798 731 te
823 705 1055 744 superarem,
1082 700 1119 730 et
1143 691 1182 728 in

71 745 211 797 scripto
229 747 352 784 multo
371 759 489 784 essem
501 748 676 793 crebrior,
703 760 820 798 quam
839 754 881 784 tu
899 761 909 784 :
940 747 1005 784 sed
1017 746 1064 784 ad
1079 757 1184 783 sum-

72 811 155 836 mas
186 806 301 850 atque
331 800 567 838 incredibiles
597 800 858 851 occupationes
890 813 995 838 meas
1027 799 1181 843 accedit,

72 852 177 903 quod
194 853 343 891 nullam
363 867 386 891 a
411 866 474 892 me
493 854 690 905 epistolam
715 854 764 892 ad
783 862 820 892 te
842 854 925 891 sino
954 855 1097 904 absque
1127 866 1186 890 ar-

72 913 256 956 gumento
274 919 317 945 ac
342 907 527 945 sententia
544 908 749 959 pervenire.
778 908 833 946 Et
850 908 1020 959 primum
1039 906 1123 953 tibi,
1142 914 1187 943 ut

73 972 230 1010 aequum
242 968 312 1008 est,
337 961 408 999 civi
427 961 570 999 amanti
584 962 762 1013 patriam,
780 974 866 1012 quae
885 969 975 998 sunt
993 961 1033 998 in
1054 974 1092 998 re
1110 973 1184 1011 pu-

74 1013 188 1059 blica,
220 1027 410 1065 exponam
427 1029 437 1052 ε
468 1015 618 1063 deinde,
652 1015 833 1067 quoniam
864 1015 932 1053 tibi
966 1027 1094 1053 amore
1116 1026 1185 1051 nos

72 1067 240 1118 proximi
268 1081 414 1115 sumus,
445 1068 652 1107 scribemus
681 1069 796 1107 etiam
825 1068 872 1106 de
896 1069 1004 1106 nobis
1024 1081 1080 1117 ea,
1101 1081 1188 1119 quae

72 1121 165 1159 scire
183 1128 221 1159 te
239 1133 316 1159 non
334 1122 435 1159 nolle
453 1122 694 1160 arbitramur.

124 1174 260 1226 Atque
276 1174 317 1213 in
335 1189 375 1214 re
392 1175 548 1226 publica
565 1188 668 1214 nunc
687 1175 844 1227 quidem
862 1175 1032 1214 maxime
1047 1175 1186 1212 Gallici

73 1228 165 1266 belli
195 1236 365 1267 versatur
396 1237 534 1268 metus.
574 1230 682 1268 Nam
712 1230 849 1276 AEdui,
890 1230 1023 1268 fratres
1055 1229 1188 1289 nostri,

71 1290 273 1333 pugnant·
305 1283 472 1345 Sequani
490 1284 659 1344 permale
686 1283 936 1345 pugnarunt3
962 1291 999 1321 et
1019 1282 1191 1320 Helvetii

73 1336 153 1374 sine
160 1336 278 1375 dubio
289 1345 379 1375 sunt
390 1338 430 1375 in
443 1338 571 1384 armis,
582 1338 897 1388 excursionesque
909 1337 946 1374 in
955 1336 1189 1388 provinciam

73 1389 229 1428 faciunt.
251 1391 412 1430 Senatus
423 1391 599 1440 decrevit,
608 1399 652 1429 ut
663 1392 834 1430 consules
847 1391 941 1429 duas
954 1391 1099 1429 Gallias
1110 1402 1189 1427 sor-

73 1443 250 1492 tirentur,
270 1444 437 1483 delectus
461 1445 676 1506 haberetur,
705 1445 914 1484 vacationes
939 1457 987 1482 ne
1006 1444 1187 1488 valerent,

75 1497 191 1558 legati
204 1510 293 1536 cum
308 1499 527 1537 auctoritate
544 1499 798 1547 mitterentur,
814 1499 882 1550 qui
894 1498 1041 1536 adirent
1053 1496 1191 1536 Galliae

77 1551 260 1600 civitates,
280 1551 489 1605 darentque
507 1565 677 1604 operam,
697 1566 745 1590 ne
764 1565 817 1590 eae
836 1565 924 1590 cum
944 1551 1132 1590 Helvetiis
1150 1563 1190 1588 se

74 1605 293 1655 jungerent.
323 1605 461 1657 Legati
483 1614 572 1645 sunt
597 1606 648 1654 Q.
670 1606 854 1645 Metellus
873 1605 1058 1651 Creticus,
1084 1614 1122 1642 et
1141 1603 1189 1641 L.

78 1657 251 1708 Flaccus,
271 1666 322 1708 et,
346 1675 387 1697 το
407 1676 466 1698 em
486 1675 529 1702 τη
543 1669 638 1716 φακν
631 1676 769 1711 αυρον,
790 1659 993 1707 Lentulus,
1015 1657 1191 1697 Clodiani

76 1712 190 1751 filius.

131 1769 267 1818 Atque
290 1767 362 1806 hoc
387 1768 470 1806 loco
494 1767 591 1806 illud
619 1780 696 1806 non
724 1781 822 1819 queo
846 1766 1050 1819 praeterire,
1072 1765 1190 1817 quod,

75 1832 168 1858 cum
197 1820 245 1859 de
273 1822 533 1860 consularibus
561 1835 648 1860 mea
676 1823 801 1873 prima
825 1834 902 1859 sors
932 1822 1083 1867 exisset,
1115 1818 1193 1857 unzi

79 1886 168 1913 voce
187 1882 340 1913 senatus
361 1875 540 1928 frequens
565 1876 807 1914 retinendum
831 1887 894 1912 me
919 1875 959 1912 in
981 1875 1086 1913 Urbe
1104 1886 1191 1912 cen-

77 1927 167 1966 suit.
197 1929 286 1967 Hoc
317 1929 419 1967 idem
451 1937 538 1981 post
561 1942 624 1968 me
647 1929 832 1980 Pompeio
861 1928 1019 1966 accidit:
1050 1935 1095 1965 ut
1123 1940 1192 1965 nos

77 1981 170 2030 duo,
195 1982 306 2034 quasi
336 1983 496 2035 pignora
527 1983 758 2035 reipublicae,
785 1982 936 2020 retineri
967 1982 1191 2020 videremur.

79 2035 188 2083 Quid
206 2035 309 2074 enim
328 2050 398 2088 ego
416 2037 576 2076 aliorum
603 2038 643 2075 in
663 2050 725 2075 me
749 2044 1014 2086 επιςρωνηματα
1038 2047 1193 2087 exspec-

78 2096 171 2135 tem,
192 2101 280 2128 cum
299 2090 381 2129 11ωο
397 2091 503 2129 domi
522 2092 755 2129 nascantur?

131 2143 300 2182 Urbanae
320 2152 449 2183 autem
479 2158 537 2183 res
566 2145 618 2182 sic
644 2157 682 2182 se
704 2144 858 2182 habent.
886 2143 1052 2195 Agraria
1076 2143 1138 2180 lex
1170 2156 1191 2179 a

80 2195 212 2234 Flavio
230 2198 383 2243 tribuno
397 2199 518 2250 plebis
537 2199 777 2236 vehementer
791 2198 1020 2249 agitabatur.
1042 2205 1193 2235 auctore

131 2251 298 2300 (Epist.)
319 2263 423 2289 vor..
446 2263 498 2290 11.
889 2263 916 2291 Q
