1513 2382
246 110 325 148 210
446 107 528 150 AD
557 106 839 150 ATTICUM.
869 108 968 147 Lm.
999 107 1058 147 11.
1090 107 1153 145 24.

241 215 500 266 reprehensus,
520 215 623 267 quod
641 216 800 264 dixerat,
821 215 1113 254 adolescentium
1134 212 1350 259 consilium,

240 277 284 306 ut
297 269 337 306 in
348 269 430 307 foro
444 282 532 308 cum
544 269 814 319 gladiatoribus
826 269 982 307 Gabinii
989 266 1217 318 Pompeium
1228 266 1351 304 adori-

241 329 396 367 rentur,
426 324 467 361 in
485 335 528 361 eo
545 323 753 374 principem
780 323 948 360 Paulum
972 322 1112 365 fuisse;
1133 332 1248 370 quem
1263 331 1352 357 con-

241 377 364 412 stabat
382 388 425 414 eo
444 384 612 426 tempore
630 377 670 414 in
690 376 917 414 Macedonia
935 375 1061 413 fuisse.
1101 373 1166 411 Fit
1183 374 1350 410 senatus-

239 429 472 477 consultum,
493 438 536 467 ut
556 429 721 476 Vettius,
753 429 855 480 quod
874 428 1064 466 confessus
1083 435 1178 464 esset
1204 439 1243 463 se
1260 437 1349 464 cum

242 481 317 518 telo
335 480 464 529 fuisse,
484 482 523 519 in
546 482 697 520 vincula
715 482 981 530 conjiceretur:
1012 479 1080 531 qui
1098 491 1187 517 eum
1205 478 1350 516 emisis-

242 541 311 579 set,
332 543 461 573 contra
478 535 751 586 rempublicam
768 548 845 573 esse
862 534 1065 571 facturum.

297 587 375 624 Res
394 597 471 626 erat
490 588 529 625 in
549 589 594 625 ea
611 588 800 638 opinione,
817 594 861 624 ut
874 594 1051 638 putarent
1061 585 1102 622 id
1115 597 1193 623 esse
1206 591 1349 631 aetum,

242 648 286 677 ut
305 640 456 679 Vettius
475 641 514 678 in
533 641 614 678 foro
640 653 728 678 cum
756 640 936 691 pugione,
967 646 1004 677 et
1026 639 1118 677 item
1147 638 1242 675 servi
1270 639 1352 687 ejus

242 694 647 742 comprehenderentur
666 706 755 732 cum
782 693 880 740 telis,
908 692 1044 730 deinde
1067 691 1131 729 ille
1158 703 1197 728 se
1214 690 1352 728 diceret

242 745 521 784 indicaturum:
551 747 667 797 idque
694 746 748 784 ita
776 753 904 783 actum
937 752 1045 794 esset,
1071 744 1144 783 nisi
1169 743 1352 782 Curiones

243 811 323 836 rem
342 807 429 838 ante
447 800 495 838 ad
516 800 745 850 Pompeium
762 799 994 837 detulissent.

296 852 404 890 'rum
424 853 806 891 senatus-consultum
822 852 862 889 in
880 852 1055 890 concione
1071 851 1269 890 recitatum
1283 857 1350 889 est.

245 905 400 944 Postero
415 914 543 944 autem
564 906 624 943 die
650 906 789 951 Caesar,
809 905 854 953 is,
877 905 945 956 qui
971 905 1078 953 olim,
1104 911 1242 956 praetor
1259 916 1347 942 cum

243 965 352 1003 esset,
373 959 424 1006 Q.
446 959 630 997 Catulum
649 972 696 996 ex
723 958 898 996 inferiore
921 959 1003 996 loco
1026 960 1188 1007 jusserat
1211 957 1347 1004 dicere,

243 1011 419 1050 Vettium
430 1012 470 1049 in
483 1013 624 1050 Rostra
640 1012 821 1063 produxit
834 1026 846 1056 ;
876 1025 1041 1063 eumque
1054 1012 1094 1049 in
1113 1024 1157 1049 eo
1166 1011 1249 1048 loco
1263 1022 1352 1048 con-

243 1064 379 1112 stituit,
392 1078 469 1116 quo
487 1066 631 1103 Bibulo
646 1066 790 1103 consuli
808 1065 997 1116 adspirare
1011 1077 1087 1103 non
1102 1064 1240 1102 liceret.
1270 1063 1350 1102 Hic

243 1117 308 1154 ille
327 1119 468 1164 onmia,
496 1132 583 1169 quae
609 1119 743 1166 voluit,
773 1119 821 1157 de
839 1132 878 1156 re
896 1119 1050 1169 publica
1068 1118 1190 1162 dixit3
1220 1124 1257 1155 et
1283 1117 1351 1168 qui

241 1170 334 1208 illuc
358 1171 478 1209 factus
508 1172 779 1223 institutusque
800 1173 973 1218 venisset,
1003 1172 1173 1222 primum
1202 1169 1352 1221 Caepio-

243 1235 331 1260 nem
351 1224 398 1262 de
416 1226 582 1263 oratione
601 1226 670 1262 sua
690 1226 855 1273 sustulit,
875 1237 989 1276 quem
1005 1224 1045 1262 in
1064 1231 1196 1262 senatu
1217 1223 1352 1261 acerri-

242 1289 305 1314 me
322 1278 562 1323 nominarat3
591 1285 635 1315 ut
653 1285 860 1329 appareret,
886 1288 1034 1316 noctem
1060 1285 1097 1316 et
1127 1284 1352 1315 nocturnam

242 1329 543 1380 deprecationem
562 1332 830 1369 intercessisse:
861 1331 1009 1379 deinde,
1040 1343 1135 1382 quos
1155 1331 1195 1368 in
1221 1337 1352 1368 senatu

243 1395 291 1420 ne
308 1384 529 1422 tenuissima
548 1384 703 1436 quidem
722 1385 931 1436 suspicione
945 1384 1132 1434 attigerat,
1148 1396 1209 1422 eos
1226 1384 1353 1421 nomi-

242 1436 348 1474 navit
363 1451 374 1482 3
406 1438 630 1485 Lucullum,
651 1452 673 1476 a
691 1451 768 1489 quo
786 1439 940 1475 solitum
960 1449 1038 1475 esse
1056 1438 1105 1475 ad.
1129 1450 1167 1475 se
1183 1437 1284 1474 mitti
1302 1435 1348 1475 C.

244 1489 452 1536 Fannium,
472 1491 598 1539 illum,
630 1491 696 1542 qui
721 1492 761 1529 in
782 1492 828 1529 P.
851 1491 1033 1530 Clodium
1052 1490 1348 1541 subscripserat3

244 1543 292 1580 11.
309 1544 541 1591 Domitium,
557 1546 665 1594 cujus
679 1545 837 1583 domum
850 1545 1091 1583 constitutam
1106 1544 1234 1591 fuisse,
1247 1543 1349 1581 unde

243 1597 391 1648 eruptio
405 1597 520 1636 fieret.
551 1598 622 1636 Me
640 1611 717 1636 non
738 1598 971 1636 nominavit:
1003 1598 1068 1636 sed
1085 1597 1196 1644 dixit,
1216 1609 1350 1635 consu-

241 1649 360 1688 larem
379 1651 576 1699 disertum,
596 1652 764 1690 vicinum
781 1653 958 1699 consulis,
978 1651 1050 1689 sibi
1068 1651 1221 1697 dixisse,
1239 1650 1350 1688 Aha-

243 1703 321 1740 lam
342 1704 545 1742 Servilium
572 1705 752 1756 aliquem,
783 1712 850 1743 aut
867 1706 1050 1753 Brutum,
1081 1717 1177 1755 opus
1195 1716 1273 1742 esse
1290 1716 1350 1742 re-

242 1757 366 1806 periri.
397 1758 558 1796 Addidit
573 1758 621 1796 ad
635 1766 866 1805 extremum,
880 1771 982 1806 cum,
999 1759 1080 1807 jam
1094 1756 1249 1795 dimissa
1260 1769 1349 1796 con-

244 1809 363 1858 cione,
393 1819 586 1850 revocatus
605 1825 628 1850 a
646 1812 802 1850 Vatinio
830 1812 974 1858 fuisset,
1005 1825 1044 1849 se
1061 1811 1211 1849 audisse
1229 1823 1253 1848 a
1270 1810 1350 1849 Cu-

243 1863 360 1911 rione,
375 1864 434 1903 his
453 1866 500 1903 de
517 1867 630 1903 rebus
649 1865 840 1904 conscium
858 1878 936 1904 esse
954 1865 1148 1914 Pisonem,
1167 1876 1349 1915 generum

242 1928 388 1966 meum,
409 1926 446 1956 et
464 1919 525 1956 M.
547 1919 804 1958 Laterensem.

297 1970 337 2007 N
340 1983 413 2010 unc
431 1985 516 2010 reus
535 1980 614 2010 erat
631 1973 734 2024 apud
753 1973 931 2011 Crassum
949 1971 1119 2010 Divitem
1131 1970 1283 2009 Vettius
1300 1969 1350 2007 de

243 2021 304 2060 vi:
335 2031 385 2071 et,
406 2038 494 2063 cum
513 2033 609 2064 esset
626 2026 841 2075 damnatus,
871 2032 949 2064 erat
977 2024 1159 2063 indicium
1180 2023 1350 2074 postula-

242 2082 368 2114 turus:
399 2079 502 2129 quod
521 2079 551 2117 si
568 2079 818 2130 impetrasset,
835 2079 978 2129 judicia
995 2078 1074 2116 fore
1087 2077 1322 2115 videbantur.

294 2130 355 2167 Ea
373 2143 454 2178 nos,
475 2139 605 2183 utpote
622 2133 690 2184 qui
709 2133 804 2171 nihil
821 2140 1058 2171 contemnere
1076 2131 1254 2177 solemus,
1271 2141 1346 2166 non

242 2183 608 2232 pertimescebamus.
657 2187 873 2225 Hominum
904 2185 1058 2238 quidem
1087 2197 1238 2223 summa
1262 2195 1351 2234 erga
