1513 2382
184 144 262 182 133
430 140 514 180 AD
533 138 820 180 ATTICUM.
852 139 954 178 Lm.
971 137 1006 178 Ι.
1039 139 1075 177 1.

180 251 272 300 mis,
291 251 449 290 haberet
466 250 648 297 infensos,
679 250 797 299 (illos,
829 249 922 302 quia
948 261 1047 300 aegre
1068 246 1225 297 ferrent,
1244 247 1314 287 ho-

179 306 296 345 minis
321 305 534 358 potentiam
564 305 658 343 adeo
677 304 850 351 crevisse,
880 310 926 341 ut
953 303 1039 353 jam
1058 301 1314 341 formidabilis

180 369 307 413 posset
326 374 404 400 esse
421 375 433 406 3
462 360 582 406 hunc,
603 359 695 410 quia
713 359 833 410 erepti
856 357 930 396 sibi
954 356 1143 408 triumphi
1162 356 1210 395 de
1229 356 1313 394 Mi-

182 415 361 463 thridate,
387 416 470 464 jam
490 414 568 452 fere
587 413 790 461 debellabo,
811 413 971 451 haereret
998 409 1204 460 memoria)
1234 423 1313 448 non

179 470 296 508 modo
316 469 485 508 obtinere
505 480 707 520 nunquam
727 467 855 519 potuit
878 473 923 504 ut
941 474 1025 504 acta
1040 479 1109 503 sua
1127 478 1150 502 a
1168 465 1314 517 populo

185 525 517 568 confirmarentur,
547 522 671 574 deque
699 521 870 560 militum
899 519 1069 572 praemiis
1096 519 1314 558 decernere-

184 586 273 624 tur3
305 578 370 616 sed
389 591 438 616 ne
456 577 554 615 inud
573 575 746 628 quidem,
767 583 825 623 ut,
852 577 966 613 rebus
984 576 1033 613 ab
1053 587 1094 612 se
1112 574 1228 625 goetis
1253 587 1313 612 re-

183 632 358 681 citandis,
392 633 551 684 plausus
581 644 629 669 ex
655 630 785 668 animo
804 629 958 668 daretur
979 629 1057 680 (ep.
1082 626 1169 677 12.)
1211 627 1314 676 Quae

184 687 341 739 quidem
362 699 421 724 res
441 685 633 731 omnium,
655 698 743 736 quae
762 684 939 735 deinceps
957 690 1087 721 secuta
1105 689 1211 729 sunt,
1231 694 1315 720 ma-

183 742 311 779 lorum
331 741 416 778 fons
431 747 468 778 et
486 739 592 790 origo
610 739 696 777 fuit.
727 739 849 787 Nam,
871 736 976 790 quod
989 748 1059 775 nec
1077 749 1146 787 per
1165 736 1316 775 Messa-

183 795 264 834 lam
294 803 331 834 et
350 795 532 833 Pisonem
552 793 678 844 primo
708 804 824 841 anno,
853 804 924 830 nec
949 804 1019 843 per
1049 790 1258 828 Metellum
1278 798 1316 829 et

184 850 396 888 Afranium
417 852 482 893 (ex
502 849 644 900 quibus
662 847 782 896 hunc,
797 846 978 884 omnibus
989 844 1134 894 invitis,
1153 857 1223 896 per
1239 845 1316 883 lar-

184 904 370 955 gitionem
391 911 428 942 et
451 901 657 949 ambitum,
687 914 766 953 quo
785 908 868 941 acta
897 913 968 939 sua
985 897 1316 948 confirmarentur,

184 958 393 996 creandum
414 963 627 1003 curaverat)
644 956 818 1008 sequenti
845 967 976 1001 anno3
1007 953 1112 1006 quod
1134 966 1203 1005 per
1224 953 1316 992 Fla.

185 1013 294 1051 vium
331 1013 533 1050 tribunum
571 1010 708 1062 plebis,
736 1018 781 1048 ut
805 1010 870 1048 lex
893 1009 1042 1061 agraria
1070 1007 1315 1060 perferretur,

186 1067 391 1119 impetrare
409 1078 484 1104 non
506 1065 660 1118 potuit3
692 1065 854 1103 coitione
877 1063 978 1103 fact&
1002 1075 1093 1102 cum
1111 1062 1261 1101 Caesare
1279 1070 1318 1101 et

188 1122 250 1160 M.
281 1121 434 1166 Crasso,
468 1132 570 1158 anno
600 1119 711 1158 tertio
739 1118 921 1166 obtinuit,
948 1118 1100 1157 Caesare
1126 1115 1318 1168 imprimis

187 1176 343 1215 consule
361 1175 562 1213 declarato.
591 1173 689 1212 Troe
707 1173 857 1211 ultimae
876 1172 1059 1224 epistnlae,
1079 1170 1133 1219 Q.
1154 1170 1319 1210 Metello

189 1230 337 1277 Celere,
355 1230 402 1267 L.
417 1228 598 1275 Afranio,
619 1227 856 1273 consulibus,
872 1226 1000 1265 missae
1013 1233 1130 1270 sunt;
1151 1238 1318 1276 quorum

187 1284 388 1324 consulatu
408 1283 456 1321 de
483 1282 619 1321 Clodio
637 1281 687 1319 ad
705 1282 857 1333 plebem
878 1279 1111 1319 traducendo
1130 1279 1192 1329 agi
1219 1292 1318 1331 coep-

189 1346 276 1376 tum
295 1346 362 1377 est.
402 1337 551 1385 Quare,
572 1336 603 1374 si
621 1336 719 1374 ratio
748 1342 968 1387 temporum
986 1334 1237 1380 subducatur,
1257 1333 1317 1371 in-

188 1393 407 1444 telligemus
436 1399 518 1429 tam
548 1403 689 1442 paucas
725 1390 814 1428 libri
850 1389 970 1439 hujus
1000 1388 1178 1441 epistolas
1207 1388 1318 1426 annis

189 1447 358 1498 amplius
377 1453 461 1485 octo
480 1445 637 1496 scriptas
655 1444 772 1483 fuisse
787 1457 799 1489 ς
821 1456 961 1495 nempe
979 1456 1003 1481 a
1030 1442 1230 1481 consulatu
1243 1443 1319 1480 mi-

190 1502 344 1539 nimum
374 1501 423 1539 L.
442 1499 587 1538 Caecih'i
607 1499 652 1538 M
660 1499 763 1537 etelli
782 1497 923 1537 Cretici
942 1505 979 1536 et
1001 1497 1054 1546 Q.
1074 1496 1217 1535 Marcii
1236 1496 1318 1535 Va-

189 1556 254 1594 tiae
270 1555 359 1607 (qui
377 1555 598 1593 aedilitatem
617 1552 811 1592 Ciceronis
830 1553 959 1591 statim
979 1558 1131 1591 secutus
1149 1548 1241 1600 est),
1254 1563 1318 1590 us-

188 1624 265 1663 que
283 1610 333 1649 ad
347 1623 410 1649 eos
429 1622 526 1662 quos
543 1608 720 1661 proxime
738 1606 910 1647 diximus
924 1606 1110 1647 consules.

582 1768 874 1810 EPISTOLA
906 1768 941 1808 l.

448 1874 661 1916 CICERO
688 1873 911 1921 ATTICO
940 1872 1063 1914 SAL.

245 1984 446 2024 Petitionis
475 1992 628 2033 nostrae,
657 1997 778 2037 quam
810 1983 882 2023 tibi
910 1995 1074 2021 summae
1105 1994 1206 2020 curae
1235 1994 1318 2025 esse

189 2039 280 2088 scio,
313 2039 538 2089 hujusmodi
566 2039 663 2078 ratio
695 2047 766 2083 est,
802 2037 909 2090 quod
939 2036 1066 2075 adhuc
1098 2037 1316 2086 conjectura

188 2093 379 2146 provideri
397 2093 528 2145 possit.
559 2093 722 2132 Prensat
747 2105 849 2131 unus
869 2092 916 2130 P.
938 2090 1090 2129 Galba:
1121 2089 1200 2128 sine
1224 2090 1315 2129 fuco

189 2161 233 2186 ac
262 2147 435 2195 fallaciis,
465 2160 572 2187 more
600 2148 809 2197 majorum,
837 2153 1012 2197 negatur.
1042 2145 1098 2182 Ut
1116 2141 1244 2195 opinio
1263 2152 1319 2182 est

188 2202 407 2248 hominum,
438 2214 514 2240 non
544 2201 669 2240 aliena
694 2200 831 2239 rationi
851 2207 990 2238 nostrae
1010 2198 1085 2236 fuit
1112 2198 1215 2236 illius
1233 2198 1315 2237 haec

187 2268 430 2310 praepropera
448 2255 665 2308 prensatio:
697 2267 791 2296 nam
810 2254 868 2294 ini
886 2253 942 2294 ita
959 2259 1103 2305 negant
1121 2252 1251 2304 vulgo,
1272 2260 1313 2290 ut
