1513 2382
250 68 335 107 AD
362 68 652 109 ATTICUM.
681 69 783 107 Lm.
813 67 937 107 vm.
969 67 1030 105 12.
1125 67 1204 110 387

93 173 200 212 XIV
219 175 405 226 cohortes,
428 190 525 229 quas
553 191 622 228 ego
647 177 765 216 dubio
782 176 912 216 animo
931 175 1066 222 habeo,
1086 175 1205 213 hostis

89 229 275 278 accedere,
288 238 356 268 aut
373 231 413 268 in
423 230 556 269 itinere
567 245 630 270 me
641 232 833 282 consequi,
853 230 982 281 possit.
1003 229 1205 278 Quamob-

93 294 190 328 rem,
208 283 393 334 placitum
420 292 476 323 est
493 285 604 332 mihi,
627 289 686 327 (ac
718 285 772 323 ita
800 284 909 322 video
928 284 1068 322 censeri
1094 283 1206 320 Mar-

88 335 196 382 cello,
213 344 250 374 et
268 338 408 376 caeteris
426 338 543 377 nostri
562 339 704 378 ordinis
719 339 786 390 qui
800 339 864 376 hic
883 345 988 385 sunt)
1007 346 1051 375 ut
1071 337 1201 375 Brun-

87 388 228 427 disium
243 390 420 430 ducerem
438 391 537 430 hanc
556 393 717 443 copiam,
739 404 856 444 quam
874 404 1028 429 mecum
1042 391 1177 428 habeo.

143 445 172 465 ‘⁶
193 443 274 482 Vos
287 444 430 492 hortor,
444 453 501 493 ut,
515 446 785 498 quodcumque
799 445 968 483 militum
983 444 1203 483 contrahere

88 496 274 547 poteritis,
307 499 548 547 contrahatis,
581 508 617 538 et
647 500 779 539 eodem
815 498 973 537 veniatis
1005 498 1204 549 quampri-

87 561 210 588 mum.
239 552 366 590 Arma
393 566 481 604 quae
508 553 557 591 ad
578 567 642 592 me
659 552 812 592 missuri
831 552 955 600 eratis,
975 551 1034 598 iis,
1055 563 1202 599 censeo,

85 604 238 643 armetis
262 605 416 653 milites,
446 619 541 658 quos
559 608 754 646 vobiscum
781 606 940 644 habetis.
970 605 1072 653 Quae
1096 617 1205 642 arma

84 660 332 707 superabunt,
353 673 397 698 ea
415 660 446 698 si
471 661 724 699 Brundisium
746 660 930 711 jumentis
949 658 1201 710 deportaritis,

84 710 327 751 vehementer
352 714 570 765 reipublicae
587 715 815 766 profueritis.
845 713 908 751 De
930 712 1000 750 hac
1027 726 1067 751 re
1085 711 1201 750 velim

83 772 231 803 nostros
263 767 436 805 certiores
459 768 629 806 faciatis:
661 782 730 820 ego
760 769 809 807 ad
835 768 881 805 P.
902 767 1063 817 Lupum
1095 773 1132 804 et
1152 765 1200 804 C.

84 818 316 869 Coponium,
336 829 528 872 praetores,
541 822 642 869 misi,
664 830 707 860 ut
726 836 765 861 se
783 821 892 860 nobis
912 821 1199 871 conjungerent,

85 878 136 921 et,
152 872 322 911 militum
342 875 444 926 quod
463 875 658 924 haberent,
680 876 728 914 ad
748 889 814 915 vos
832 874 1102 913 deducerent.”

85 981 114 1003 “
138 981 211 1020 Cn.
232 981 419 1033 Magnus,
442 984 600 1021 Procas.
622 986 664 1022 S.
679 986 732 1022 D.
755 984 804 1021 L.
825 984 1016 1031 Domitio,
1038 984 1198 1021 Procos.

139 1090 167 1110 ‘⁶
188 1087 328 1138 Miror,
345 1097 382 1128 te
400 1090 449 1128 ad
467 1103 529 1128 me
544 1092 641 1129 nihil
653 1092 825 1140 scribere,
839 1101 876 1129 et
889 1091 1016 1142 potius
1035 1092 1082 1128 ab
1102 1090 1201 1138 aliis,

83 1155 201 1192 quam
220 1156 244 1180 a
261 1152 312 1191 te,
342 1144 389 1182 de
408 1157 447 1182 re
465 1146 619 1196 publica
648 1158 712 1183 me
741 1145 936 1183 certiorem
963 1144 1055 1183 fieri.
1098 1144 1197 1191 Nos,

82 1195 238 1245 disjecta
257 1209 391 1245 manu,
418 1212 527 1249 pares
548 1199 770 1237 adversariis
789 1212 868 1237 esse
887 1211 963 1236 non
983 1210 1200 1249 possumus.

84 1247 312 1299 conjunctis
331 1252 467 1290 nostris
486 1253 616 1304 copiis,
644 1266 753 1304 spero
778 1265 847 1290 nos
867 1259 903 1290 et
928 1251 1146 1303 reipublicae
1165 1257 1203 1288 et

81 1305 279 1342 communi
296 1305 411 1344 saluti
435 1307 623 1357 prodesse.
663 1307 928 1354 Quamobrem
948 1318 1037 1344 cum
1061 1304 1200 1343 consti-

80 1356 214 1396 tuisses
241 1359 304 1410 (ut
333 1359 532 1398 Vibullius
559 1361 657 1398 mihi
687 1358 902 1412 scripserat)
930 1373 965 1397 a.
1000 1359 1037 1396 d.
1064 1359 1104 1397 V
1136 1357 1200 1396 Id.

79 1409 306 1451 Februarias
326 1412 494 1451 Corfinio
512 1414 697 1465 proficisci
716 1427 805 1453 cum
825 1414 1005 1459 exercitu,
1027 1420 1064 1451 et
1075 1411 1120 1450 ad
1135 1424 1200 1449 me

79 1464 231 1511 venire;
260 1467 392 1515 miror,
424 1467 518 1518 quid
543 1481 667 1506 causae
695 1468 824 1513 fuerit,
848 1480 966 1518 quare
996 1466 1198 1504 consilium

76 1518 251 1557 mutatis.
279 1520 386 1558 Nam
404 1521 472 1558 illa
490 1534 616 1569 causa,
637 1535 756 1573 quam
773 1521 871 1558 mihi
890 1520 1088 1559 Vibullius
1106 1518 1198 1557 scri-

78 1571 149 1618 bit,
168 1572 262 1611 levis
276 1581 345 1621 est,
358 1582 396 1612 te
413 1581 611 1626 propterea
628 1583 821 1613 moratum
836 1587 928 1619 esse,
946 1573 1050 1624 quod
1068 1572 1200 1611 audie-

79 1625 145 1673 riS,
168 1626 374 1675 Caesarem,
400 1628 533 1666 Firmo
551 1641 808 1679 progressum,
829 1628 869 1665 in
891 1626 1074 1666 Castrum
1093 1627 1200 1664 Tru-

78 1679 252 1718 entinum
272 1681 428 1720 venisse.
458 1682 617 1729 Quanto
636 1683 738 1720 enim
756 1682 879 1732 magis
893 1681 1200 1732 appropinquare

79 1731 314 1773 adversarius
336 1736 461 1786 coepit,
482 1748 525 1774 eo
553 1736 623 1774 tibi
642 1737 799 1774 celerius
817 1735 1011 1786 agendum
1039 1741 1133 1782 erat,
1153 1740 1198 1772 ut

79 1792 117 1822 te
134 1798 286 1825 mecum
312 1790 574 1840 conjungeres,
601 1790 823 1841 priusquam
845 1789 972 1827 Caesar
997 1796 1066 1826 aut
1083 1795 1198 1826 tuum

81 1838 152 1877 iter
169 1840 369 1892 impedire,
390 1850 456 1880 aut
470 1855 533 1881 me
553 1845 619 1881 abs
638 1851 675 1881 te
694 1842 906 1889 excludere,
927 1850 1064 1893 posset.

133 1895 162 1916 ‘⁶
182 1893 461 1942 Quamobrem,
492 1897 606 1936 etiam
633 1905 669 1935 et
688 1897 803 1935 etiam
833 1903 869 1934 te
887 1908 979 1947 rogo
998 1904 1035 1934 et
1052 1895 1196 1941 hortor,

81 1947 152 1993 (id,
173 1948 277 1999 quod
296 1961 373 1987 non
393 1950 519 1989 destiti
538 1951 793 2003 superioribus
810 1950 928 1988 literis
947 1963 970 1988 a
988 1958 1025 1988 te
1050 1947 1197 2001 petere)

79 2008 125 2039 ut
142 2002 268 2052 primo
287 2016 441 2055 quoque
465 2004 526 2043 die
550 2005 753 2044 Luceriam
772 2004 963 2051 advenias,
990 2012 1198 2055 antequam

80 2055 211 2106 copiae,
238 2070 334 2108 quas
351 2058 515 2097 instituit
533 2059 660 2098 Caesar
678 2058 909 2105 contrahere,
939 2058 979 2095 in
998 2070 1122 2096 unum
1140 2057 1198 2094 lo-

78 2121 168 2146 cum
192 2119 342 2155 coactae,
362 2124 431 2150 nos
448 2126 471 2150 a
489 2113 597 2152 nobis
623 2112 847 2151 distrahant.
891 2111 979 2159 Sed,
1007 2113 1038 2150 si
1067 2118 1195 2155 erunt,

79 2162 147 2215 qui
165 2171 202 2201 te
219 2163 444 2215 impediant,
460 2174 503 2205 ut
525 2165 674 2218 [villas]
691 2179 777 2207 suas
791 2174 953 2213 servent,
972 2178 1127 2221 aequum
1142 2172 1196 2203 est
