1513 2382
289 91 370 130 340
491 92 571 131 AD
600 86 1146 133 ATTICUM.L11³.V'11.
1177 91 1216 136 7·

287 199 393 250 prius
423 199 593 251 quidem,
620 214 738 252 quam
766 209 939 240 nostrum
968 201 1165 262 negotium
1187 205 1255 238 aut
1276 196 1403 236 confe-

288 253 465 301 cerimus,
493 263 561 294 aut
589 255 886 306 deposuerimus.
929 256 1033 294 Cura
1055 255 1172 306 igitur
1190 262 1235 291 ut
1261 251 1399 290 valeas.

289 307 514 368 Aliquando
544 311 747 359 αποτριψαι
779 318 1007 371 quartanam
1043 307 1157 347 istam
1186 304 1399 357 diligentia,

287 373 378 412 quae
395 361 436 400 in
454 369 492 400 te
510 375 663 400 summa
681 370 748 401 est.

517 523 608 576 (6.)
639 523 852 564 CICERO
880 524 1101 565 ATTICO
1129 524 1170 563 S.

344 632 464 670 Plane
482 631 600 680 deest,
620 632 724 683 quod
742 632 791 670 ad
809 640 848 672 te
866 633 1029 672 scribam
1046 648 1057 671 x
1086 637 1177 670 nota
1188 629 1318 670 omnia
1330 628 1401 668 tibi

287 693 379 724 sunt
394 699 407 722 =
435 698 504 723 nec
521 685 601 736 ipse
619 686 740 724 habeo
755 700 778 724 a
791 693 828 725 te
847 687 951 738 quod
970 694 1194 738 exspectem.
1226 684 1402 723 Tantum

287 739 405 800 igitur
423 747 597 778 nostrum
614 739 711 778 inud
734 741 902 779 sollenne
931 754 1136 787 servemus,
1155 747 1201 777 ut
1218 750 1266 777 ne
1285 749 1402 803 quem

288 792 386 830 istuc
415 801 570 832 euntem
599 794 678 832 sine
701 795 819 833 literis
844 794 1095 833 dimittamus
1121 793 1185 832 De
1208 789 1404 844 republica.

286 846 399 887 ,valde
418 847 558 886 timeo:
589 860 658 886 1188
679 849 804 887 adhuc
826 849 933 887 fere
922 849 1063 897 mveni,
1091 847 1159 900 qui
1176 859 1254 885 non
1273 857 1404 885 conoe-

289 900 459 938 dendum
491 908 642 953 putaret
672 903 825 951 Caesari,
865 903 969 955 quod
1003 903 1225 954 postularet,
1261 898 1403 951 potius,

287 967 408 1015 quam
419 955 733 1007 depugnandum.
764 957 834 995 Est
847 957 914 995 illa
928 956 1084 1008 quidem
1103 954 1307 1008 postulatio
1321 952 1404 1004 opi-

288 1008 402 1046 nione
421 1010 615 1049 valentior.
647 1011 726 1049 Cur
745 1019 874 1049 autem
896 1023 1000 1049 nunc
1019 1011 1190 1062 primum
1205 1009 1239 1047 ei
1256 1007 1406 1046 resista-

289 1065 410 1102 mus?
441 1078 474 1099 ου
500 1080 570 1114 γαρ
602 1081 640 1101 αν
671 1065 751 1102 τοδε
773 1081 831 1112 μει
823 1069 887 1110 ιζον
908 1080 985 1102 επει
1016 1079 1140 1113 κακον,
1173 1075 1292 1116 quam
1314 1072 1405 1100 cum

283 1116 600 1169 quinquennium
619 1120 944 1170 prorogabamus;
975 1126 1042 1157 aut
1056 1131 1159 1165 curn,
1179 1124 1224 1155 ut
1241 1113 1407 1154 absentis

291 1171 386 1209 ratio
405 1172 621 1220 haberetur,
645 1173 887 1211 ferebamus:
918 1173 991 1210 nisi
1019 1173 1116 1211 forte
1139 1171 1222 1209 haec
1238 1170 1296 1208 iffi
1319 1176 1405 1207 tum

287 1237 399 1263 arma
416 1225 605 1275 dedimus,
637 1233 681 1264 ut
709 1239 813 1265 nunc
835 1239 924 1264 cum
943 1228 1040 1264 bene
1064 1234 1202 1278 parato
1215 1234 1405 1276 pugnare-

290 1290 391 1316 mus.

344 1332 475 1380 Dices,
507 1333 601 1384 quid
632 1341 675 1372 tu
705 1334 823 1384 igitur
853 1346 1032 1371 sensurus
1059 1345 1097 1371 es
1114 1335 1132 1371 ‚⁹
1162 1332 1254 1370 Non
1285 1330 1404 1377 idem,

290 1387 396 1437 quod
414 1388 594 1425 dicturus.
622 1388 792 1426 Sentiam
812 1387 914 1425 enim
929 1387 1058 1425 omnia
1075 1385 1260 1434 facienda,
1279 1397 1328 1422 ne
1346 1397 1407 1422 ar-

291 1441 365 1477 mis
383 1441 618 1486 decertetur3
639 1441 763 1479 dicam
777 1441 894 1488 idem,
908 1440 1012 1493 quod
1026 1439 1258 1491 Pompeius:
1280 1450 1406 1489 neque

289 1493 330 1531 id
348 1494 486 1533 faciam
504 1494 644 1532 1111111111
663 1495 802 1533 animo
835 1470 911 1533 Sed
925 1507 1055 1532 rursus
1065 1494 1138 1532 hoc
1151 1504 1406 1553 permagnum

290 1548 509 1600 reipublicae
537 1549 686 1587 malum
704 1558 782 1587 851·
813 1556 853 1587 at
872 1548 1039 1600 quodam
1058 1547 1174 1586 modo
1194 1545 1293 1585 mihi
1310 1558 1407 1597 prae-

290 1608 348 1640 ter
366 1610 517 1641 caeteros
535 1615 622 1641 non
642 1610 802 1651 rectum,
822 1616 886 1641 me
909 1602 950 1640 in
968 1601 1084 1640 tantis
1101 1603 1214 1640 rebus
1238 1614 1262 1641 a
1287 1600 1406 1639 Pom-

289 1656 377 1708 peio
391 1656 581 1695 dissidere.

524 1819 610 1867 (7·)
647 1818 859 1859 CICERO
887 1817 1104 1858 ATTICO
1133 1818 1174 1857 S

345 1928 374 1948 “
390 1926 612 1977 Dionysius,
629 1925 687 1964 vir
703 1927 872 1977 optimus
893 1928 955 1979 (111
973 1927 1070 1965 1111111
1081 1938 1235 1987 quoque
1251 1930 1308 1963 aet
1321 1935 1407 1975 per-

290 1979 473 2031 spectus),
500 1987 537 2018 et
559 1980 811 2029 doctissimus,
839 1981 973 2033 tuique
997 1980 1293 2025 amantissimus,
1324 1978 1406 2016 Ro-

289 2046 394 2071 mam
415 2033 518 2072 venit
536 2034 620 2071 XV
647 2034 729 2072 Cal.
749 2035 842 2073 Jan.
867 2042 904 2073 et
922 2035 1049 2073 literas
1068 2047 1090 2072 a
1109 2041 1146 2072 te
1163 2032 1260 2071 mihi
1278 2031 1405 2070 reddi-

287 2087 387 2125 dit?
392 2089 487 2126 'tot
515 2088 618 2126 8111111
649 2090 761 2126 verba
790 2096 879 2127 sunt
903 2089 950 2126 de
970 2087 1157 2139 Dionysio
1179 2087 1219 2124 in
1245 2085 1404 2137 epistola

286 2141 368 2178 tua.
396 2141 516 2188 Illud,
540 2140 667 2193 [puto,
673 2143 689 2193 ]
717 2155 794 2180 non
819 2142 1027 2187 adscribis,
1059 2143 1088 2164 ‘⁶
1108 2148 1145 2180 et
1169 2140 1239 2179 tibi
1263 2138 1403 2190 gratias

277 2194 409 2245 -egiff'
446 2195 572 2247 Atqui
605 2205 703 2234 certe
732 2197 798 2235 ille
827 2209 937 2248 agere
968 2195 1128 2235 debuit:
1159 2201 1210 2241 et,
1244 2193 1275 2232 si
1307 2199 1401 2231 esset
