1513 2382
277 131 331 169 30
431 127 514 167 AD
544 125 838 166 DIVERSOS.
868 127 967 165 Lm.
988 125 1116 165 XIII.
1145 127 1216 165 29.

273 237 339 276 nia
355 236 492 274 debere
507 248 520 282 3
548 242 678 273 tamen
708 233 899 286 respondi5
917 233 1246 274 commendatione
1263 233 1386 274 Lace-

274 289 483 330 daemonios
500 288 604 341 apud
622 295 660 327 te
678 300 755 326 non
775 300 896 339 egere.

328 344 466 396 Itaque
477 343 530 381 sic
541 342 656 381 velim
670 341 875 390 existimes,
893 354 957 380 me
974 354 1107 380 omnae
1117 341 1280 380 Achaiae
1297 341 1391 381 civi-

272 405 367 438 tates
385 397 572 443 arbitrari,
596 398 683 448 (pro
699 396 839 433 horum
857 403 1073 447 temporum
1085 394 1388 446 perturbatione)

271 452 411 500 felices,
431 450 534 503 quod
552 450 612 488 his
632 458 674 488 tu
693 449 846 501 praesis:
878 449 1133 501 eumdemque
1156 462 1220 488 me
1244 449 1299 487 ita
1323 450 1390 499 ju-

272 506 410 553 dicare,
430 512 481 551 te,
509 504 612 556 quod
630 515 731 542 unus
754 503 898 554 optime
922 505 1065 551 nosses,
1085 515 1162 541 non
1181 510 1310 542 nostra
1328 515 1390 542 so-

271 560 371 607 lum,
410 558 475 597 sed
511 558 626 596 etiam
664 557 836 602 Graeciae,
870 557 1108 595 monimenta
1136 557 1279 605 omnia,
1318 556 1389 595 tua

273 619 408 665 sponte
426 612 595 651 amicum
615 611 914 649 Lacedaemoniis
925 617 962 648 et
981 623 1060 649 0330
1079 618 1116 648 et
1132 610 1224 649 fore.
1257 610 1391 662 Quare

271 674 422 705 tantum
454 679 477 704 a
501 673 539 704 te
562 672 664 717 peto,
688 672 746 710 ut,
768 676 857 703 cum
882 677 925 702 ea
943 664 1056 702 facies
1078 663 1392 702 Lacedaet'nonio-

270 734 360 759 rum
379 719 506 767 031133,
528 733 615 770 quae
633 726 700 757 tua
718 717 825 766 fides,
847 718 1073 769 amplitudo,
1090 718 1240 767 justitia
1257 724 1391 769 postu-

269 775 337 822 lat,
358 781 402 812 ut
419 771 494 820 his,
519 774 550 811 si
575 772 646 811 tibi
676 771 880 819 videbitur,
908 771 1110 822 significes,
1141 778 1179 809 te
1207 784 1285 810 non
1303 783 1389 810 mo-

268 829 362 866 103ῐο
379 828 490 874 ferre,
511 826 615 878 quod
632 824 836 875 intelligas,
857 838 902 863 ea
926 838 1014 877 quae
1031 825 1161 874 facias,
1177 825 1276 863 mihi
1294 837 1390 876 quo-

269 894 346 933 que
377 887 485 942 grata
514 893 605 919 esse.
635 879 806 918 Pertinet
835 878 938 917 enim
967 878 1017 916 ad
1043 878 1211 917 officium
1239 891 1388 927 meum,

269 948 332 973 eos
351 934 580 981 existimare,
601 946 702 972 curae
722 932 820 970 mihi
838 945 926 971 suas
950 945 1009 970 103
1027 945 1117 971 esse.
1148 932 1237 972 Hoc
1253 939 1293 971 te
1321 945 1387 972 ve-

269 989 465 1028 hementer
484 988 599 1027 etiam
617 994 733 1039 atque
752 987 867 1025 etiam
885 998 989 1038 rogo.
1018 986 1131 1025 Vale.

414 1141 532 1196 (29.)
562 1141 624 1181 M.
639 1141 690 1180 T.
707 1142 752 1181 c.
783 1142 833 1181 L.
862 1140 1099 1181 PLANCO
1127 1141 1168 1181 3.
1184 1142 1238 1181 D.

323 1245 648 1295 (Argumentum.
667 1270 722 1279 --
743 1245 970 1298 Capitonem
995 1259 1064 1299 pro
1087 1244 1249 1284 Antistii
1266 1244 1387 1284 haere-

270 1297 390 1337 ditate
407 1299 694 1351 diligentissime
711 1298 984 1350 commendat.)

323 1405 417 1444 Non
436 1406 584 1454 dubito,
613 1407 707 1458 quin
731 1408 838 1455 scias,
862 1409 904 1446 in
922 1408 968 1446 113
986 1407 1200 1447 necessariis
1227 1407 1296 1460 qui
1313 1408 1385 1447 tibi

269 1472 294 1497 a
310 1467 417 1511 patre
435 1460 556 1498 relicti
574 1469 677 1508 sunt,
690 1475 753 1500 me
767 1462 838 1500 tibi
852 1475 930 1500 esse
941 1462 1001 1500 vel
1013 1462 1382 1512 conjunctissimum,

268 1525 347 1551 11011
373 1513 433 1551 1113
461 1514 576 1552 1110ᾶο
602 1516 723 1554 0311313
752 1529 839 1567 quae
860 1515 1023 1567 speciem
1047 1516 1213 1554 habeant
1232 1528 1386 1567 magnae

268 1567 556 1616 conjunctionis,
577 1568 670 1607 sed
660 1569 705 1608 113
725 1570 840 1608 etiam
859 1583 946 1621 quae
963 1569 1221 1608 familiaritate
1238 1576 1277 1608 et
1294 1581 1385 1609 con-

268 1620 471 1659 suetudine
506 1628 731 1669 teneantu13
761 1636 880 1675 quam
916 1623 986 1662 3013
1022 1623 1120 1661 1111111
1152 1623 1384 1673 jucundissi-

268 1685 376 1712 mam
407 1687 497 1713 cum
528 1684 636 1737 patre
667 1685 734 1716 tuo
767 1685 804 1716 et
832 1690 1024 1716 summam
1057 1677 1185 1716 fuisse.
1223 1677 1292 1716 Ab
1324 1677 1386 1717 his

266 1727 385 1766 initiis
403 1736 530 1768 noster
557 1730 599 1768 in
628 1738 665 1769 te
689 1744 797 1770 amor
825 1731 1029 1783 profectus,
1051 1731 1160 1769 auxit
1183 1738 1386 1782 paternam

266 1782 597 1831 necessitudinem,
629 1792 666 1822 et
688 1798 731 1823 eo
749 1785 885 1836 magis,
906 1785 1010 1837 quod
1027 1785 1214 1846 intellexi,
1242 1792 1287 1822 ut
1304 1785 1385 1836 pri-

263 1847 375 1874 mum
404 1848 472 1887 per
501 1844 653 1876 aetatem
678 1839 867 1887 judicium
896 1839 1018 1878 facere
1041 1838 1223 1891 potueris,
1247 1838 1385 1890 quanti

263 1888 428 1940 quisque
445 1890 515 1928 tibi
543 1891 737 1931 faciendus
757 1900 865 1940 esset,
885 1905 949 1931 me
967 1906 990 1931 a
1007 1900 1046 1932 te
1071 1892 1113 1930 in
1131 1892 1265 1944 primis
1283 1905 1384 1944 coep-

264 1948 351 1980 tum
381 1956 461 1981 esse
483 1945 687 1994 observari,
708 1946 794 1995 coli,
815 1947 936 1998 diligi.
962 1946 1180 1986 Accedebat
1203 1958 1281 1984 non
1299 1958 1383 1984 me-

263 1995 390 2035 diocre
408 1997 621 2047 vinculum,
641 2012 731 2038 cum
746 2000 959 2039 studiorum
974 2000 1116 2052 (quod
1105 2012 1233 2051 lpsum
1247 2006 1303 2038 est
1315 2012 1384 2051 per

262 2062 302 2088 se
320 2050 473 2101 grave),
492 2060 579 2091 tum
597 2065 728 2092 eorum
748 2055 976 2103 studiorum,
996 2066 1204 2106 earumque
1221 2053 1380 2102 artium,

263 2115 352 2154 quae
377 2117 446 2156 per
478 2119 518 2144 se
553 2106 645 2158 ipsae
674 2121 750 2155 eos,
785 2108 853 2160 qui
881 2109 1077 2148 voluntate
1111 2107 1246 2147 eadem
1273 2114 1380 2155 sunt,

263 2157 381 2197 etiam
397 2158 656 2201 familiaritate
673 2162 906 2201 devinciunt.

317 2212 551 2265 Exspectare
591 2222 629 2255 te
658 2215 833 2266 arbitror,
863 2217 944 2257 haec
969 2225 1050 2257 tam
1079 2217 1192 2268 longe
1223 2214 1383 2268 repetita
