1513 2382
297 105 381 144 AD
409 105 709 147 DIVERSOS.
740 106 843 145 Lm.
866 106 994 146 XIII.
1016 107 1084 146 39.
1195 107 1247 150 37

129 212 232 260 teris,
264 221 454 265 quantum
485 221 553 253 tua
581 213 675 253 fidae
707 214 949 266 dignitasque
981 213 1159 266 patietur.
1199 213 1247 251 Id

130 266 227 305 mihi
245 268 487 307 vehementer
504 274 659 319 gratum
674 268 755 306 erit.
786 268 898 307 Vale.

201 428 318 480 (38.)
347 427 409 467 M.
425 428 476 466 T.
492 428 537 467 c.
566 402 786 477 ACILIO,
817 427 979 467 PRoc.
1009 428 1049 467 s.
1066 428 1111 465 P.
1126 427 1181 464 D.

185 537 514 589 (Argumentum.
527 559 577 566 —
591 537 736 575 Bruttii
750 537 901 588 negotia
914 545 1249 590 procuratoresque

127 589 402 640 commendat.)

179 698 325 737 Lucius
344 698 536 742 Bruttius,
557 711 672 749 eques
691 700 908 746 Romanus,
929 699 1143 737 adolescens
1162 713 1246 738 om-

126 752 240 790 nibus
260 754 372 790 rebus
392 759 561 798 ornatus,
583 752 622 788 in
638 753 733 790 meis
751 752 1056 790 familiarissimis
1076 762 1144 799 est,
1165 767 1247 791 me-

125 819 201 858 que
219 808 393 844 observat
410 805 723 856 diligentissime:
754 807 862 854 cujus
882 819 969 843 cum
985 814 1091 856 patre
1103 820 1246 857 magna

126 860 224 897 mihi
241 859 315 897 fuit
327 858 493 897 amicitia
503 861 586 908 jam
598 859 687 897 inde
701 872 724 897 a
738 860 930 910 quaestura
944 860 1030 897 mea
1044 859 1243 898 Siciliensi.

126 913 301 952 Omnino
318 925 421 951 nunc
438 912 519 963 ipse
536 912 714 950 Bruttius
734 913 873 950 Romae
897 925 1049 950 mecum
1069 921 1148 950 est:
1179 914 1245 951 sed

126 975 254 1005 tamen
273 966 434 1004 domum
453 967 549 1015 ejus,
577 973 613 1003 et
635 979 715 1004 rem
743 966 986 1011 familiarem,
1009 973 1046 1003 et
1064 979 1245 1016 procura·

124 1029 238 1068 tores,
258 1019 329 1057 tibi
343 1020 395 1057 sic
414 1019 653 1066 commendo,
680 1027 724 1056 ut
741 1021 886 1068 majore
905 1019 1030 1057 studio
1050 1032 1245 1058 commen-

123 1074 212 1111 dare
231 1085 309 1111 non
326 1073 482 1123 possim.
513 1073 785 1110 Gratissimum
804 1072 901 1110 mihi
918 1072 1063 1119 feceris,
1084 1073 1115 1109 si
1134 1074 1244 1111 cura-

125 1127 192 1175 ris,
212 1134 256 1164 ut
274 1126 463 1177 intelligat
481 1126 658 1163 Bruttius
681 1126 755 1174 (id,
785 1126 888 1176 quod
916 1125 950 1163 ei
978 1126 1117 1176 recepi)
1146 1127 1246 1164 hanc

121 1193 250 1218 meam
261 1179 629 1219 commendationem
642 1179 714 1218 sibi
725 1191 866 1230 magno
881 1179 1102 1229 adjumento
1115 1179 1242 1218 fuisse.

123 1234 236 1274 Vale.

190 1406 303 1453 (39.)
331 1404 394 1444 M.
411 1404 462 1443 Τ.
481 1402 528 1444 C.
554 1403 772 1453 ACILIO,
804 1403 967 1444 PROC.
996 1403 1035 1442 S.
1057 1404 1102 1442 P.
1116 1402 1169 1442 D.

121 1565 171 1605 da
188 1512 513 1617 (54rgumentnm.
532 1537 586 1545 —
600 1508 827 1549 Titurnium
865 1509 1019 1549 Rufum
1047 1520 1242 1548 commen-

171 1573 198 1605 t.

176 1675 281 1714 Cum
301 1673 449 1713 famili&
467 1673 650 1712 Titurnia
676 1669 911 1709 necessitudo
928 1670 1025 1709 mihi
1043 1669 1241 1709 intercedit

121 1735 232 1767 vetus
247 1742 259 1774 ς
289 1741 338 1767 ex
357 1728 436 1779 qua
454 1728 623 1778 reliquus
637 1732 694 1763 est
712 1724 775 1763 M.
795 1724 999 1762 Titurnius
1013 1725 1158 1772 Rufus,
1171 1723 1240 1774 qui

118 1781 217 1820 mihi
235 1782 342 1821 omni
359 1782 557 1833 diligentia
575 1788 690 1832 atque
715 1778 837 1816 officio
865 1785 922 1816 est
945 1778 1122 1816 tuendus.
1164 1777 1240 1815 Est

120 1835 240 1886 igitur
261 1836 302 1874 in
321 1835 389 1873 tua
407 1841 604 1887 potestate,
624 1840 670 1871 ut
687 1831 754 1870 ille
771 1832 812 1869 in
830 1843 894 1869 me
911 1831 1000 1869 satis
1019 1832 1091 1870 sibi
1107 1831 1239 1883 praesi-

119 1889 173 1927 dii
188 1897 297 1941 putet
314 1902 406 1928 esse.
432 1889 690 1940 Quapropter,
714 1897 804 1924 eum
822 1885 893 1923 tibi
912 1885 1137 1923 commendo
1154 1897 1238 1922 ma-

115 1943 240 1992 jorem
259 1943 300 1981 in
317 1943 503 1981 modum³
534 1949 572 1981 et
588 1943 656 1980 abs
670 1947 707 1979 te
725 1946 827 1991 peto,
848 1938 999 1986 efficias,
1020 1947 1065 1977 ut
1082 1939 1113 1977 is
1131 1951 1236 1977 com-

118 1997 403 2035 mendationem
420 1997 520 2035 hanc
537 1994 726 2044 inteffigat
754 1992 827 2031 sibi
854 2004 996 2043 magno
1014 1993 1237 2042 adjumento

118 2049 248 2090 fuisse.
276 2050 474 2090 Eritmihi
491 2050 735 2089 vehementer
752 2053 918 2098 gratum.
950 2046 1061 2086 Vale.

174 2271 343 2324 (Epist.)
363 2282 469 2311 vox„
489 2284 534 2309 11.
940 2277 971 2305 E
