1513 2382
236 106 312 144 152
450 103 534 143 AD
561 102 849 143 ATTICUM.
877 104 979 143 Lm.
1005 104 1041 143 1.
1074 106 1136 144 14.

272 213 384 252 Tuus
402 221 531 252 autem
550 213 616 251 ille
633 211 792 258 amicus,
813 212 938 255 (sci'n'
953 225 1070 264 quem
1083 213 1210 252 dicam
1227 216 1265 262 ?)
1292 215 1341 254 de

217 280 295 318 quo
313 275 356 305 tu
376 268 426 306 ad
444 280 507 305 me
525 266 719 317 scripsisti,
739 274 988 318 posteaquam
1006 279 1083 305 non
1102 267 1258 306 auderet
1279 282 1340 308 re-

214 321 462 371 prehendere,
482 320 639 359 laudare
657 320 828 371 coepisse,
848 333 918 359 nos
930 323 991 365 (ut
1005 321 1186 367 ostendit)
1201 321 1338 361 admo-

214 375 311 413 dum
336 375 476 427 diligit,
506 374 763 425 amplectitur,
795 382 913 421 amat,
937 383 1066 425 aperte
1086 375 1244 421 laudat3
1273 389 1339 415 oc-

215 429 328 475 culte,
349 428 415 467 sed
434 430 488 467 ita
506 438 550 467 ut
568 428 811 506 perspicuum
828 428 890 475 sit,
902 403 1058 467 invidet.
1090 429 1203 467 Nihil
1214 443 1335 475 come,

215 482 313 520 nihil
332 484 507 534 simplex,
529 482 968 524 1111111ετοιιςπολιτικιο
974 498 990 525 ς
1007 483 1226 531 honestum,
1238 483 1336 522 nihil

216 535 376 583 illustre,
396 537 493 575 nihil
511 537 622 582 forte,
643 501 741 573 nihil
758 535 936 573 liberum.

270 591 346 628 Sed
362 565 443 628 haec
463 590 513 629 ad
531 598 568 628 te
587 588 748 627 scribam
767 589 859 627 alias
877 589 1080 628 subtilius:
1102 602 1193 628 nam
1208 602 1334 643 neque

214 643 339 682 adhuc
366 644 461 681 mihi
492 643 581 681 satis
605 650 695 681 nota
715 650 825 680 sunt:
857 650 894 681 et
911 643 1002 681 huic
1019 651 1128 681 terrae
1146 644 1239 690 filio,
1269 657 1337 684 ne-

215 698 290 735 scio
319 698 393 747 cui,
424 697 660 736 committere
687 696 886 747 epistolam
905 696 1020 735 tantis
1048 695 1095 735 de
1123 699 1237 736 rebus
1254 711 1334 738 non

217 751 350 789 audeo.

270 805 489 844 Provincias
510 812 688 856 praetores
717 804 890 842 nondum
908 804 1029 843 sortiti
1048 812 1163 843 sunt:
1193 818 1252 844 1oe
1270 819 1335 845 eo-

215 858 302 896 dem
322 867 377 897 &st
394 859 481 906 loci,
502 872 579 910 quo
597 858 794 909 reliquisti.
823 859 1052 906 Τοποθεσιαν,
1068 872 1187 910 quam
1200 867 1333 910 postu.

213 912 285 958 las,
314 913 459 951 Miseni
479 921 515 951 et
535 912 798 959 Puteolorum,
821 911 1018 950 includam
1046 913 1208 952 orationi
1225 926 1335 952 meae.

214 966 268 1003 A.
288 965 326 1004 d.
347 967 417 1004 III
437 967 540 1005 Non.
562 966 793 1005 Decembres
819 965 1000 1004 mendose
1025 965 1141 1005 fuisse
1157 967 1334 1006 animad-

213 1027 412 1058 verteram.

265 1073 366 1122 Quae
383 1074 517 1113 laudas
536 1088 584 1113 ex
602 1073 847 1120 orationibus,
861 1073 958 1111 mihi
972 1073 1095 1122 crede,
1109 1074 1220 1113 valde
1232 1076 1331 1114 mihi

210 1127 435 1178 placebant:
466 1128 530 1167 sed
559 1141 636 1166 non
669 1127 857 1165 audebam
891 1135 1003 1166 antea
1031 1127 1166 1167 dicere.
1209 1129 1329 1169 Nunc

211 1193 313 1225 vero,
335 1181 437 1233 quod
452 1195 475 1220 a
493 1190 530 1220 te
548 1183 707 1232 probata
725 1189 829 1227 sunt,
842 1181 966 1219 multo
978 1181 1074 1219 mihi
1089 1188 1327 1233 Αττικωτερα

210 1234 397 1273 videntur.
429 1235 479 1273 In
490 1235 597 1273 illam
610 1234 818 1273 orationem
826 1235 1070 1273 Metellinam
1081 1234 1211 1273 addidi
1223 1249 1329 1287 quae-

210 1287 313 1326 dam.
353 1289 471 1327 Liber
490 1289 560 1327 tibi
586 1289 787 1334 mittetur;
817 1288 998 1340 quoniam
1026 1296 1064 1327 te
1082 1301 1189 1327 amor
1206 1290 1325 1329 nostri

212 1348 434 1391 φιλορητῡρα
453 1342 629 1381 reddidit.

263 1395 367 1433 Novi
386 1396 455 1434 tibi
474 1396 658 1448 quidnam
679 1395 838 1434 scribam
857 1399 874 1434 Ρ
904 1396 998 1448 quid
1012 1397 1030 1434 ‚⁹
1059 1395 1186 1434 etiam.
1216 1396 1325 1436 Mas-

207 1449 287 1486 sala
309 1449 442 1487 consul
466 1449 751 1488 Autronianam
776 1450 937 1487 domum
965 1449 1059 1488 emit
1084 1450 1156 1489 HS
1179 1450 1324 1491 CCCC

207 1502 437 1542 XXXVII.
467 1503 574 1551 Quid
593 1503 633 1541 id
651 1503 700 1541 ad
718 1506 808 1543 me?
827 1503 989 1555 inquies.
1017 1503 1207 1552 Tantum,
1220 1505 1325 1556 quod

207 1556 252 1594 ea
281 1557 446 1595 emtione
475 1565 511 1595 et
540 1570 608 1595 nos
636 1558 733 1595 bene
757 1557 891 1595 emisse
916 1557 1077 1606 judicati
1098 1570 1258 1604 sumus;
1288 1566 1326 1598 et

205 1608 378 1648 homines
397 1611 608 1662 intelligere
621 1619 828 1662 coeperunt,
843 1611 955 1649 licere
973 1611 1184 1650 amicorum
1202 1611 1324 1651 facul-

204 1663 347 1702 tatibus
365 1664 405 1702 in
426 1665 587 1703 emendo
606 1665 655 1703 ad
673 1664 897 1715 dignitatem
917 1665 1087 1716 aliquam
1111 1666 1321 1716 pervenire.

205 1716 365 1756 Teucris
382 1718 450 1757 illa
467 1719 615 1757 lentum
634 1718 831 1770 negotium
851 1725 933 1763 ωῖς
964 1719 1029 1757 sed
1052 1726 1183 1758 tamen
1207 1726 1263 1758 est
1280 1719 1322 1758 in

203 1783 282 1821 spe.
323 1771 389 1809 Tu
406 1772 479 1811 ista
497 1773 649 1811 confice.
690 1772 730 1810 A
758 1772 867 1811 nobis
887 1772 1103 1811 liberiorem
1121 1773 1320 1824 epistolam

205 1832 392 1876 exspecta.
422 1826 485 1865 VI
513 1826 671 1866 Calend.
690 1826 805 1865 Febr.
830 1826 894 1865 Μ.
920 1826 1092 1866 Messala
1109 1833 1148 1865 et
1165 1826 1229 1866 M.
1253 1827 1322 1866 Pi-

204 1890 296 1917 sone
314 1879 544 1919 consulibus.

417 2041 532 2090 (14.)
571 2040 785 2081 CICERO
812 2040 1033 2081 ATTICO
1063 2042 1103 2080 S.

255 2147 413 2195 Vereor,
434 2161 481 2187 ne
499 2149 680 2200 putidum
699 2149 748 2187 sit
765 2148 924 2189 scribere
943 2148 992 2187 ad
1022 2156 1074 2196 te,
1106 2161 1224 2200 quam
1244 2149 1316 2188 sim

202 2210 429 2254 occupatu53
460 2203 526 2243 sed
541 2211 669 2244 tamen
687 2203 908 2254 distinebar,
923 2210 968 2242 ut
981 2203 1070 2242 huic
1085 2202 1149 2241 vix
1161 2204 1320 2243 tantulae
