1513 2382
214 103 293 140 232
402 103 488 142 AD
516 103 796 144 ATTICUM.
820 105 921 144 1113.
941 104 1025 143 111.
1053 105 1119 143 22.

215 222 306 260 que,
329 217 367 248 te
388 211 531 250 multas
556 219 681 264 partes
707 224 804 251 meae
839 211 970 252 salutis
994 217 1034 250 et
1061 210 1261 263 suscipere,
1286 217 1324 249 et

213 276 323 315 posse
341 264 548 311 sustinere3
569 278 708 318 neque,
727 273 772 304 ut
788 266 843 305 ita
854 265 983 314 facias,
997 264 1213 316 rogandum
1231 276 1322 302 ωδε.

269 316 388 364 Quod
414 331 478 357 me
509 327 610 358 vetas
640 320 853 371 quidquam
875 319 1056 371 suspicari
1084 316 1259 356 accidisse
1274 316 1325 355 ad

216 370 392 410 animum
419 379 546 421 tuum,
567 373 670 424 quod
691 387 796 412 secus
823 387 847 412 a
872 385 935 411 me
966 385 1056 423 erga
1083 381 1122 410 te
1148 369 1326 410 commis-

216 437 303 462 sum
321 433 388 463 aut
405 427 701 477 praetermissum
719 427 921 474 videretur,
941 438 1069 477 geram
1082 424 1154 464 tibi
1162 436 1325 473 morem,

217 485 256 515 et
283 478 472 517 liberabor
496 480 570 518 ista
594 480 694 518 cura„
743 480 836 519 Tibi
865 487 993 518 tamen
1016 491 1060 518 eo
1086 479 1174 530 plus
1192 478 1323 525 debeo,

218 544 296 583 quo
314 539 382 571 tua
400 533 440 570 in
454 545 517 571 me
530 533 748 572 humanitas
766 533 880 572 fuerit
897 532 1090 581 excelsior,
1109 531 1277 584 quamin
1289 538 1327 569 te

218 597 316 623 mea.

274 639 419 687 Velim,
445 640 539 692 quid
558 640 697 690 videas,
722 641 816 694 quid
838 640 1041 691 intenigas‚
1067 639 1162 692 quid
1179 645 1326 689 agatur,

219 693 269 730 ad
286 706 349 731 me
369 694 533 740 scribas3
563 702 725 746 tuosque
748 707 880 733 omnes
907 694 956 732 ad
974 701 1143 732 nostram
1168 693 1329 731 salutem

163 774 166 776 -
217 746 426 786 adhortere.
456 748 621 799 Rogatio
629 748 749 788 Sextii
760 761 884 800 neque
895 747 1089 799 dignitatis
1100 746 1190 785 satis
1200 745 1329 791 habet,

219 812 287 838 nec
301 801 497 839 cautionis.
529 803 635 840 Nam
653 810 690 841 et
701 802 927 841 nominatim
941 802 1038 839 ferre
1055 806 1215 853 oportet,
1235 805 1272 837 et
1285 797 1333 836 de

219 854 329 892 bonis
353 854 572 905 diligentius
598 856 737 895 scribi:
768 864 805 894 et
831 855 872 894 id
890 854 1180 904 animadvertas,
1203 851 1334 892 velim·

222 906 314 946 Dat.
335 908 399 947 IV
417 909 460 948 N
462 921 524 949 on.
545 909 745 959 Octobres,
765 908 1056 949 Thessalonicae.

436 1069 554 1124 (21.)
583 1071 795 1112 CICERO
823 1069 1039 1110 ATTICO
1067 1069 1108 1109 S.

275 1177 453 1230 Triginta
470 1179 549 1218 dies
567 1187 674 1218 erant
684 1179 772 1232 ipsi,
785 1192 874 1218 cum
884 1180 954 1218 has
964 1178 1103 1217 dabam
1114 1176 1254 1223 literas,
1265 1186 1335 1226 per

220 1245 317 1283 quos
335 1233 460 1271 nullas
479 1246 502 1271 a
519 1234 625 1272 vobis
644 1246 872 1284 acceperam.
913 1232 1018 1270 Mihi
1042 1237 1171 1268 autem
1195 1236 1273 1268 erat
1290 1228 1333 1266 in

219 1286 362 1334 animo,
380 1287 462 1335 jam
482 1290 543 1330 (ut
560 1295 670 1326 antea
689 1288 737 1325 ad
755 1294 793 1325 te
811 1287 957 1338 scripsi)
969 1285 1023 1323 ire
1040 1285 1081 1322 in
1094 1283 1275 1335 Epirum,
1296 1288 1334 1320 et

221 1340 276 1377 ibi
303 1351 457 1378 omnem
483 1353 612 1378 casum
639 1341 880 1392 potissimum
906 1346 1132 1391 exspectare.
1173 1337 1233 1375 Te
1250 1348 1331 1382 oro,

222 1401 280 1441 ut,
308 1393 339 1431 si
365 1393 458 1445 quid
490 1395 573 1442 erit,
605 1394 707 1446 quod
739 1393 954 1445 perspicias,
984 1402 1268 1444 quamcumque
1292 1388 1333 1426 in

223 1454 385 1497 partem,
421 1460 538 1498 quam
566 1448 786 1498 planissime
813 1447 862 1485 ad
891 1460 969 1485 mer
983 1446 1146 1489 scribas;
1177 1451 1228 1488 et,
1246 1454 1335 1480 meo

224 1501 392 1549 nomine,
415 1501 478 1552 (ut
496 1501 642 1551 scribis)
655 1502 795 1549 literas,
810 1501 949 1552 quibus
960 1498 1112 1553 putabis
1130 1509 1226 1550 opus
1239 1508 1333 1544 esse,

226 1562 272 1592 ut
283 1554 360 1593 des.
390 1554 483 1593 Dat.
503 1555 544 1595 V
563 1555 646 1594 Cal.
667 1556 917 1594 Novembres.

439 1715 558 1771 (22.)
588 1715 800 1756 CICERO
828 1714 1043 1755 ATTICO
1072 1715 1112 1754 S.

277 1823 364 1862 Etsi
379 1824 579 1876 diligenter
597 1823 645 1862 ad
663 1836 727 1862 me
745 1823 917 1871 Quintus
935 1822 1050 1860 frater
1071 1828 1108 1860 et
1127 1820 1231 1870 Piso,
1250 1832 1337 1872 quae

223 1885 349 1915 essent
367 1886 462 1925 aeta,
484 1879 737 1930 scripserunt3
766 1884 896 1915 tamen
914 1876 1066 1923 vellem,
1086 1883 1153 1912 tua
1170 1882 1208 1913 te
1226 1886 1338 1912 occu-

223 1931 327 1981 patio
356 1944 432 1970 non
464 1932 698 1984 impedisset,
730 1930 937 1982 quominus
966 1930 1030 1980 (ut
1058 1926 1264 1974 consuesti)
1288 1925 1339 1964 ad

224 1996 301 2030 me,
328 1985 422 2036 quid
446 1994 634 2036 ageretur,
654 1992 690 2023 et
710 1984 804 2036 quid
821 1983 1061 2034 intelligeres,
1081 1980 1336 2033 perscriberes.

224 2037 296 2075 Me
312 2039 438 2077 adhuc
458 2039 638 2078 Plancius
656 2037 880 2077 liberalitate
903 2037 975 2075 sua
999 2035 1148 2081 retinet,
1165 2037 1249 2085 jam
1267 2033 1338 2071 ali-

221 2091 369 2142 quoties
388 2100 568 2130 conatum
586 2093 640 2131 ire
657 2092 698 2130 in
718 2091 895 2142 Epirum.
923 2091 1019 2141 Spes
1036 2089 1184 2127 homini
1202 2096 1258 2126 est
1274 2087 1334 2124 in-

217 2145 331 2193 jecta,
361 2149 455 2188 (non
484 2145 631 2191 eadem,
651 2158 739 2197 quae
766 2144 879 2191 mihi)
898 2156 1007 2196 posse
1033 2154 1102 2180 nos
1127 2141 1207 2180 una
1225 2141 1334 2179 dece-

221 2197 310 2236 dere
323 2213 335 2236 :
365 2211 481 2250 quam
502 2212 582 2237 rem
603 2200 673 2238 sibi
691 2210 832 2248 magno
849 2196 984 2236 honori
999 2202 1122 2247 sperat
1138 2195 1229 2234 fore.
1259 2192 1334 2233 Sed
