1513 2382
225 116 303 154 264
419 115 502 155 AD
530 117 819 158 ATTICUM.
850 119 949 158 Lm.
968 119 1043 157 IV.
1081 119 1140 157 16.

225 222 319 262 hora
346 231 446 275 post,
479 225 716 264 Antiochum
752 226 979 273 Gabinium,
1011 225 1137 264 nescio
1172 237 1286 277 quem
1320 238 1342 264 e

223 277 413 328 Sopolidis
441 279 664 330 pictoribus,
697 280 877 318 libertum
913 279 997 331 [ac]
1031 291 1231 318 accensum
1260 279 1341 317 Ga-

222 330 333 378 binii,
349 332 433 382 lege
452 333 575 384 Papia
595 334 908 372 condemnarunt.
939 334 1077 384 Itaque
1096 332 1194 371 dixit
1212 333 1340 372 statim

221 395 309 422 reus
328 386 374 423 P.
393 386 477 437 lege
494 387 794 435 majestati3301
818 388 851 424 6'
868 387 924 423 (ηδ’
941 395 1036 437 Αρησ
1054 389 1131 434 ἁμα
1148 393 1279 438 Παφιῃ.

277 438 480 477 Pomtinus
504 441 600 486 vult,
632 454 665 478 a.
699 441 737 478 d.
768 440 831 478 IV
859 441 964 479 Non.
992 441 1245 486 Novembres,
1274 439 1342 477 tri-

222 492 422 543 umphare.
454 494 559 531 Huic
578 495 729 532 obviam
758 494 855 532 Cato
877 501 914 532 et
933 494 1128 541 Servilius,
1147 501 1339 544 praetores,

221 553 363 596 aperte,
385 555 422 584 et
441 547 492 594 Q.
513 548 671 585 Mucius
697 548 896 585 tribunus:
926 554 1068 598 negant
1086 547 1189 585 enim
1216 547 1340 585 latum

221 597 269 636 de
293 599 481 650 imperio:
512 610 549 639 et
575 609 630 639 est
643 601 767 639 latum
789 601 976 652 (hercule)
995 601 1149 639 insulse.
1178 600 1252 639 Sed
1271 601 1342 638 erit

220 664 311 690 811111
331 653 511 692 Pomtino
530 654 639 705 Appi
642 667 686 693 us
706 655 849 692 consul.
890 655 988 693 Cato
1012 661 1141 692 tamen
1161 653 1339 702 affirmat,

219 718 259 743 se
278 707 364 744 vivo
381 707 493 745 illum
508 720 585 746 non
600 708 848 759 triumphare.
880 708 929 746 Id
944 721 1013 759 ego
1030 714 1125 759 puto
1138 709 1198 750 (ut
1215 707 1342 746 multa

219 759 408 808 ejusdem)
422 757 477 799 311
496 761 593 799 1111111
611 774 841 800 1883511111111.
871 762 1040 813 Appius,
1061 761 1142 799 sine
1154 761 1252 811 1888,
1272 773 1341 800 5110

221 821 367 862 sumtu,
397 814 440 852 in
461 815 638 853 Ciliciam
676 815 828 866 cogitat.
866 815 1063 854 Paccianae
1087 813 1255 866 epistolae
1282 827 1341 854 re-

220 867 382 918 spondi:
413 881 594 919 cognosce
613 877 756 907 caetera.

273 921 339 959 Ex
366 922 493 961 fratris
518 922 650 969 literis,
674 922 909 961 incredibilia
933 921 1110 983 quaedani
1138 921 1186 960 de
1211 921 1342 961 Caesa-

217 973 269 1012 ris
293 975 335 1012 in
359 988 423 1014 me
450 989 579 1014 amore
602 976 785 1027 cognovi.
817 989 936 1028 eaque
956 983 1045 1014 sunt
1065 975 1186 1027 ipsius
1210 976 1340 1015 Casa-

219 1028 272 1066 ris
295 1029 496 1068 uberrimis
523 1030 640 1068 literis
646 1009 896 1068 ”confirmata
925 1029 1140 1068 Britannici
1163 1030 1255 1068 belli
1273 1043 1340 1068 ex-

219 1082 295 1121 itus
322 1091 572 1135 exspectatur.
618 1083 779 1122 Constat
804 1083 920 1130 enim,
950 1082 1076 1121 aditus
1101 1083 1236 1122 insulae
1261 1097 1340 1122 esse

219 1136 388 1175 munitos
419 1137 588 1176 mirificis
623 1137 803 1176 molibus.
849 1136 983 1175 Etiam
1018 1136 1117 1174 fllud
1153 1137 1237 1186 jam
1277 1150 1340 1176 co-

219 1190 372 1240 gnitum
392 1198 462 1239 est,
489 1203 614 1243 neque
637 1191 784 1242 argenti
808 1190 1020 1243 scripulum
1048 1203 1127 1228 esse
1143 1190 1270 1228 ullum
1297 1191 1339 1228 in

218 1241 286 1281 illa
314 1243 455 1292 insula,
475 1257 600 1296 neque
622 1245 757 1284 ullam.
769 1257 877 1296 spem
895 1243 1048 1296 praedae‚
1069 1243 1142 1282 nisi
1159 1257 1207 1282 ex
1225 1257 1336 1282 man-

220 1296 356 1348 cipiis;
401 1311 448 1335 ex
482 1299 622 1350 quibus
656 1299 783 1336 nullos
815 1305 910 1350 puto
939 1305 977 1336 te
1006 1297 1124 1335 literis
1150 1304 1217 1335 aut
1247 1310 1336 1336 mu-

219 1350 304 1389 sicis
327 1351 494 1390 eruditos
516 1359 743 1403 exspectare.

272 1404 419 1444 Paulus
444 1406 485 1443 in
509 1405 635 1444 medio
660 1405 741 1444 foro
765 1405 958 1444 basilicam
981 1406 1063 1455 jam
1086 1418 1195 1457 paene
1213 1405 1336 1444 texuit

218 1458 353 1497 iisdem
379 1459 545 1510 antiquis
569 1459 784 1498 columnis:
821 1459 928 1497 illam
957 1466 1102 1507 autem,
1134 1472 1252 1510 quam
1278 1460 1335 1498 lo-

218 1513 330 1560 cavit,
350 1512 441 1551 facit
458 1513 884 1564 magnificentissimam.
911 1512 1020 1560 Quid
1038 1513 1176 1565 quaeris
1192 1515 1210 1552 ?
1238 1513 1337 1551 nihil

218 1567 364 1618 gratius
385 1566 453 1604 illo
480 1567 728 1615 monimento,
749 1567 846 1605 nihil
857 1566 1066 1617 gloriosius.
1096 1567 1234 1618 Itaque
1249 1567 1335 1606 Cae-

221 1620 314 1658 saris
332 1620 445 1659 amici
470 1623 549 1664 (me
577 1621 660 1659 dico
688 1628 725 1659 et
744 1620 949 1672 Oppium3
979 1620 1209 1671 dirumparis
1226 1619 1333 1670 licet)

219 1674 260 1712 in
285 1674 567 1713 monimentum
592 1674 704 1721 illud,
724 1675 827 1726 quod
849 1681 892 1712 tu
917 1674 1048 1712 tollere
1071 1673 1250 1712 laudibus
1275 1687 1334 1712 so-

219 1728 338 1775 lebas,
366 1735 411 1766 ut
435 1728 563 1767 forum
589 1729 820 1775 laxaremus,
841 1735 877 1765 et
895 1740 1017 1779 usque
1035 1727 1084 1765 ad
1103 1727 1243 1765 atrium
1262 1727 1333 1766 Li-

218 1781 374 1820 bertatis
400 1782 688 1843 explicaremus,
718 1781 988 1821 contemsimus
1015 1781 1218 1819 sexcenties
1246 1781 1332 1820 HS.

219 1835 325 1874 Cum
352 1836 508 1887 privatis
535 1847 611 1874 non
636 1843 783 1887 poterat
804 1834 963 1886 transigi
986 1835 1133 1873 minore
1158 1835 1330 1886 pecunia.

219 1888 442 1928 Efficiemus
478 1901 561 1927 rem
597 1889 928 1950 gloriosissimam.
970 1900 1072 1932 nam,
1108 1887 1149 1925 in
1183 1888 1333 1940 Campo

218 1941 379 1990 Martio,
406 1944 522 1994 Septa
543 1942 694 1981 tributis
719 1941 880 1982 comitiis
904 1954 1117 1980 marmorea
1137 1954 1271 1980 sumus
1296 1949 1334 1981 et

218 2003 318 2034 tecta
341 1995 502 2035 facturi·
491 2025 503 2042 ‚
540 2009 659 2048 eaque
681 1997 876 2047 cingemus
904 1995 1051 2034 excelsa
1074 1995 1249 2047 porticu·
1237 2024 1249 2041 ‚
1287 2003 1331 2034 ut

218 2049 325 2087 mille
350 2063 535 2100 passuum
560 2050 802 2089 conficiatur:
839 2049 955 2088 simul
986 2048 1215 2100 adjungetur
1239 2049 1332 2088 huic

217 2102 324 2153 operi
354 2103 460 2142 Villa
489 2103 604 2142 etiam
633 2103 805 2143 Publica.
851 2103 981 2151 Dices,
1013 2102 1107 2154 quid
1138 2102 1235 2140 mihi
1258 2103 1331 2141 hoc

213 2156 495 2196 monimentum
514 2157 712 2208 proderit?
739 2156 847 2206 Quid
860 2157 879 2194 ἰ.)
907 2157 1035 2196 celabo
1053 2164 1091 2196 te
1108 2169 1167 2194 res
1185 2156 1330 2194 Roma-
