1513 2382
286 108 369 148 AD
398 107 694 148 DIVERSOS.
725 109 826 148 Lm.
853 109 972 148 XVI.
1004 111 1042 147 ⁴2.
1153 110 1227 148 115

107 220 190 257 iret.
215 217 281 256 Tu
301 223 429 255 autem
450 215 520 254 hoc
539 217 609 255 tibi
636 218 836 268 persuade,
858 218 889 255 si
909 217 1112 255 commodo
1131 217 1236 255 vale-

111 271 254 310 tudinis
271 277 349 308 tuae
362 269 444 308 fieri
463 271 594 320 possit,
611 271 706 309 nihil
728 284 792 309 me
810 271 905 309 mall
913 285 940 317 2,
962 283 1081 322 quam
1103 279 1139 308 te
1160 284 1239 309 esse

111 337 290 370 mecum3
312 324 343 362 si
357 332 486 362 autem
507 324 695 375 intelliges
714 338 812 376 opus
828 337 920 370 esse,
941 333 978 362 te
992 324 1133 372 Patris,
1151 336 1241 362 con-

112 377 324 417 valescendi
338 377 466 423 causa,
479 379 642 427 paulum
656 379 895 423 commorari,
907 378 1005 416 nihil
1024 390 1089 415 me
1109 378 1240 424 malle,

113 444 233 485 quam
252 438 291 470 te
301 431 436 469 valere.
466 430 508 468 Si
527 431 655 469 statim
675 432 845 483 navigas,
861 445 930 470 nos
951 431 1133 469 Leucade
1151 444 1242 469 con-

114 487 298 537 sequere:
329 485 386 522 sin
406 492 443 522 te
462 484 686 523 confirmare
705 487 784 531 vis;
815 494 851 524 ct
878 485 1050 532 comitae,
1079 493 1116 523 et
1144 492 1244 523 tem-

114 546 293 592 pestatos,
332 545 370 576 et
402 551 538 576 navem
560 538 752 587 idoneam,
783 548 826 578 ut
857 539 1014 587 habeas,
1043 538 1246 590 diligenter

116 593 274 632 videbis.

170 647 308 686 Unum
325 645 438 693 illud,
459 648 514 684 mi
535 647 644 694 Tiro,
676 647 817 694 videto,
850 648 881 686 si
906 659 970 685 me
999 659 1120 693 amas,
1140 658 1189 684 ne
1211 654 1248 684 te

122 699 312 739 Marionis
330 699 517 738 adventus
546 708 584 738 et
601 701 662 738 hae
680 701 800 740 literae
818 708 1011 739 moveant.
1045 700 1165 748 Quod
1184 713 1251 738 va-

120 753 283 792 letudini
310 760 388 791 tuae
419 754 589 792 maxime
623 754 821 800 conducet,
850 756 881 793 si
912 754 1058 802 feceris,
1079 754 1251 792 maxime

125 806 398 858 obtemperaris
423 807 612 846 voluntati
643 821 752 846 meae-
796 809 894 846 Haec
924 821 994 860 pro
1013 815 1080 846 tuo
1098 807 1253 858 ingenio

128 861 332 901 considera.
378 860 463 899 Nos
500 862 554 899 ita
591 870 628 899 te
665 862 938 910 desideramus,
974 868 1018 899 ut
1052 874 1251 900 amemus:

124 928 246 963 amor,
272 921 317 952 ut
334 915 525 952 valentem
545 914 755 962 videamus,
776 916 976 954 hortatur:
1008 914 1253 962 desiderium,

126 976 172 1007 ut
182 980 301 1021 quam
319 967 502 1019 primum.
534 969 642 1006 Illud
654 970 771 1020 igitur
783 969 923 1020 potius.
953 968 1058 1007 Cura
1077 981 1166 1018 ergo
1184 982 1254 1020 po-

127 1023 319 1061 tissimum
338 1028 384 1059 ut
401 1022 525 1060 valeas
543 1037 554 1059 ι
584 1022 631 1060 de
650 1023 725 1061 tuis
745 1023 1090 1061 innumerabilibus
1122 1022 1162 1059 in
1191 1035 1255 1061 me

121 1075 254 1116 officiis
269 1075 339 1114 erit
357 1074 430 1114 hoc
448 1076 727 1127 gratissimum.
757 1075 827 1113 111
846 1077 982 1115 Nonas
1003 1077 1255 1115 Novembres.

211 1232 305 1287 (2.)
334 1232 592 1273 TULLIUS
622 1234 828 1274 TIRONI
850 1235 960 1275 SUO
993 1236 1033 1275 S.
1048 1235 1094 1276 P.
1109 1235 1185 1275 D.>

185 1343 510 1393 (Argumentum.
522 1368 577 1376 —
589 1343 894 1383 Sollicitudinem
928 1358 1038 1383 suam
1058 1344 1260 1397 significat,

132 1409 326 1448 suumque
368 1396 418 1436 ad
446 1397 629 1449 Alyziam
663 1412 880 1438 accessum:
926 1399 1185 1439 valetudinem
1217 1408 1261 1438 ut

132 1458 252 1500 curet,
271 1449 411 1512 rogat.)

190 1558 283 1597 Non
301 1571 400 1610 queo
428 1559 478 1597 ad
507 1566 559 1605 te,
589 1571 657 1598 nec
684 1560 806 1609 lubet,
827 1560 1002 1609 scribere,
1022 1573 1101 1613 quo
1127 1561 1258 1600 animo

137 1612 211 1651 sim
230 1612 410 1651 affectus:
431 1619 584 1652 tantum
605 1613 798 1661 scribo,·et
817 1614 888 1653 tibi
906 1625 942 1653 et
967 1614 1065 1653 mihi
1084 1615 1265 1653 maximae

142 1666 331 1717 voluptati
355 1666 450 1714 fore,
480 1667 512 1705 si
529 1675 567 1705 te
585 1668 744 1705 firmum
772 1680 890 1719 quam
918 1668 1090 1720 primum
1117 1669 1258 1707 videro.

142 1719 278 1758 Tertio
296 1720 358 1758 die
369 1721 437 1758 abs
454 1727 492 1758 te
509 1721 559 1759 ad
577 1720 759 1772 Alyziam
781 1734 1069 1760 accesseramus.
1098 1723 1140 1760 ls
1157 1722 1264 1761 locus

143 1781 200 1812 est
216 1774 310 1814 citra
324 1774 545 1812 Leucadem
567 1775 690 1813 stadia
705 1775 835 1814 CXX.
869 1775 1047 1814 Leucade
1064 1784 1133 1814 aut
1150 1784 1188 1814 te
1205 1777 1264 1828 ip-

143 1840 248 1874 sum,
267 1835 335 1866 aut
352 1835 439 1866 tuas
456 1828 582 1867 literas
601 1842 624 1867 a
639 1829 818 1867 Marione
839 1831 1025 1880 putabam
1049 1843 1113 1868 me
1131 1843 1263 1882 accep-

143 1889 288 1920 turum.
315 1881 521 1930 Quantum
539 1895 602 1921 me
628 1882 770 1933 diligis,
790 1890 943 1921 tantum
964 1883 1025 1922 fac
1052 1891 1096 1922 ut
1117 1885 1258 1932 valeas,

146 1935 208 2028 Xell
234 1943 425 2002 quantum
452 1943 490 1976 te
507 1949 531 1976 a
549 1949 612 1976 me
632 1936 703 1976 scis
729 1936 850 1988 diligi.
895 1937 1021 1977 Nonis
1049 1938 1260 1978 Novembr.

204 2002 302 2040 yzia.
