1513 2382
142 114 218 153 142
380 113 467 153 An
485 113 773 155 ATTICUM.
804 113 904 170 Lus.
926 113 961 152 1.
982 114 1020 152 4.

137 222 243 274 quod
261 222 294 262 is
312 234 376 262 me
393 235 569 262 accusare
583 222 631 263 de
644 230 681 262 te
695 223 851 263 solebat.
883 223 932 261 In
945 234 986 261 se
999 228 1180 274 expertus
1194 227 1265 270 est,

134 277 250 315 illum
279 289 360 316 esse
388 277 519 316 minus
547 279 799 327 exorabilem,
831 289 966 316 meum
996 275 1169 315 studium
1196 287 1267 314 nec

134 330 206 369 tibi
223 330 402 371 defuisse.
432 331 649 373 Tulliolam
668 333 714 372 C.
736 331 884 381 Pisoni,
906 331 955 370 L.
977 330 1025 369 F.
1043 329 1180 381 Frugi,
1199 328 1267 368 de-

134 385 373 437 spondimus.

371 551 463 600 (4.)
492 549 709 591 crcERO
737 549 961 590 ATTICO
989 550 1029 590 s.

187 659 350 699 Crebras
369 659 671 712 exspectationes
688 658 800 697 nobis
822 658 882 696 tui
900 670 1130 698 commoves.
1174 658 1218 697 N
1219 671 1266 696 u-

131 728 200 767 per
219 714 392 766 quidem,
414 727 502 753 cum
515 715 599 763 jam
619 721 657 752 te
675 713 880 751 adventare
898 713 1188 760 arbitraremur,
1207 725 1268 750 re-

129 776 245 821 pente
273 771 342 807 abs
372 777 409 807 te
439 768 480 806 in
509 780 683 806 mensem
713 766 932 815 Quintilem
960 766 1089 816 rejecti
1117 779 1266 805 sumus.

131 824 252 862 Nunc
271 836 360 862 vero
379 835 512 861 censeo
533 822 655 874 (quod
670 821 873 860 commodo
887 829 954 860 tuo
966 821 1089 860 facere
1102 818 1264 873 poteris)

128 877 259 916 venias
289 877 339 915 ad
367 876 408 915 id
439 885 606 928 tempus,
633 875 738 929 quod
769 875 911 914 scribis.
942 875 1098 915 Obieris
1122 874 1265 923 Quinti

128 932 257 970 fratris
276 931 454 970 comitia·
443 961 456 978 ,
486 943 555 970 nos
573 931 689 982 longo
714 930 917 969 intervallo
935 929 1093 968 viseris·
1080 958 1093 975 ‚
1122 929 1265 968 Amti-

126 986 274 1025 lianam
307 985 602 1026 controversiam
636 984 876 1036 transegeris.
912 984 1017 1031 Hoc,
1048 997 1113 1022 me
1145 984 1263 1022 etiam

128 1040 357 1089 Peducaeus,
384 1048 429 1079 ut
447 1039 498 1079 ad
515 1048 553 1079 te
572 1039 791 1088 scriberem,
821 1039 1048 1078 admonuit:
1077 1045 1263 1090 putamus

129 1095 234 1134 enim
264 1095 360 1134 utile
389 1107 484 1145 esse,
516 1101 554 1132 te
583 1093 793 1145 aliquando
819 1094 903 1143 jam
931 1105 1013 1132 rem
1041 1092 1261 1144 transigere.

130 1148 227 1188 Mea
244 1149 462 1188 intercessio
480 1156 616 1201 parata
634 1157 672 1186 et
691 1155 747 1187 est
767 1154 804 1186 et
822 1147 909 1186 fuit.
938 1147 1024 1186 Nos
1041 1146 1152 1195 hic,
1141 1159 1264 1185 mcre-

127 1202 239 1242 ‹libili
271 1217 315 1242 ac
343 1202 529 1255 singulari
557 1201 693 1254 populi
724 1202 937 1250 voluntate,
970 1201 1019 1240 de
1049 1201 1095 1240 C.
1125 1201 1264 1240 Macro

126 1257 410 1320 transegimus.
441 1257 504 1296 cui
522 1269 612 1295 cum
628 1255 729 1308 aequi
747 1255 970 1317 fuissemus,
987 1263 1118 1294 tamen
1135 1255 1262 1294 multo

124 1313 316 1362 majorem
333 1311 506 1351 fructum
525 1323 574 1349 ex
592 1309 730 1363 populi
747 1309 1044 1372 existimatione,
1063 1309 1131 1349 illo
1149 1309 1261 1348 dam-

125 1373 232 1413 nato,
253 1365 440 1427 cepimus,
462 1377 582 1417 quam
613 1378 661 1404 ex
691 1364 827 1416 ipsius,
859 1364 891 1403 si
920 1364 1123 1403 absolutus
1148 1370 1259 1412 esset,

125 1419 252 1472 gratia
269 1420 512 1472 cepissemus.

181 1474 302 1522 Quod
315 1474 366 1512 ad
384 1487 448 1512 me
466 1473 515 1512 de
530 1471 800 1512 Hermathena
814 1472 959 1521 scribis,
979 1485 1048 1524 per
1059 1471 1157 1511 mihi
1171 1485 1260 1523 gra-

128 1535 215 1567 tum
234 1535 304 1576 aet,
334 1535 372 1567 et
390 1535 661 1567 ornamentum
681 1527 906 1566 Academiae
925 1527 1127 1579 proprium
1145 1538 1258 1576 meae,

125 1583 232 1635 quod
251 1589 288 1621 et
307 1582 474 1621 Hermes
494 1594 700 1621 commune
719 1581 911 1628 omnium,
932 1590 969 1620 et
984 1581 1166 1620 Minerva
1179 1579 1259 1619 sin-

124 1637 259 1688 gulare
278 1644 334 1676 est
351 1636 502 1688 insigne
528 1637 611 1686 ejus
636 1636 841 1687 gymnasii.
872 1636 1005 1685 Quare
1030 1635 1162 1683 velim,
1193 1637 1260 1684 (ut

126 1690 277 1740 scribis)
299 1691 443 1730 caeteris
455 1703 611 1742 quoque
628 1691 743 1728 rebus
762 1702 882 1741 quam
901 1689 1080 1742 plurimis
1095 1702 1186 1728 eum
1199 1689 1260 1728 lo·

123 1759 213 1784 cum
232 1758 354 1784 ornes.
384 1745 487 1794 Quae
504 1744 602 1783 mihi
627 1752 739 1782 antea
761 1744 872 1795 signa
900 1744 1053 1793 misisti,
1085 1756 1130 1782 ea
1158 1755 1257 1782 non-

123 1799 218 1838 dum
245 1800 349 1838 vidi:
380 1800 421 1838 in
448 1799 656 1838 Formiano
682 1805 798 1844 sunt;
828 1811 906 1850 quo
933 1811 1003 1849 ego
1033 1810 1138 1836 nunc
1166 1810 1258 1850 pro-

123 1853 240 1893 ficisci
258 1854 486 1905 cogitabam.
522 1854 599 1892 Illa
617 1853 748 1891 omnia
765 1852 806 1890 in
825 1852 1095 1892 Tusculanum
1117 1851 1256 1904 depor-

122 1909 224 1946 tabo.
266 1907 456 1957 Caietam,
477 1908 508 1946 si
527 1907 683 1960 quando
701 1906 896 1945 abundare
915 1919 1075 1958 coepero,
1095 1907 1253 1944 ornabo.

121 1961 262 2001 Libros
275 1971 361 2001 tuos
380 1975 584 2008 conserva;
615 1970 652 2000 et
667 1961 746 1999 noli
760 1960 972 2012 desperare,
988 1973 1052 1999 eos
1067 1973 1130 1998 me
1144 1972 1252 1998 meos

120 2015 243 2054 facere
260 2029 394 2068 posse3
424 2016 529 2069 quod
548 2016 580 2055 si
598 2028 790 2067 assequor,
818 2028 956 2067 supero
982 2015 1166 2054 Crassum
1191 2013 1248 2053 di-

121 2069 237 2122 vitiis,
258 2078 374 2124 atque
391 2071 570 2111 omnium
588 2070 690 2110 vicos
710 2076 748 2109 et
766 2076 878 2123 prata
896 2077 1113 2109 contemno.
