1513 2382
257 73 337 112 ⁶216
461 72 538 112 AD
568 73 856 114 ATTICUM.
888 73 988 113 LIB.
1020 72 1099 112 ΙΙΙ.
1129 75 1167 119 7.

253 182 451 234 cipiemur.
481 182 623 221 Adhuc
641 182 850 220 invitamur
867 182 1055 233 benigne:
1086 181 1165 228 sed,
1185 181 1290 233 quod
1308 195 1372 221 su-

252 245 390 288 perest,
425 236 618 274 timemus.
648 236 734 282 Me,
765 236 820 273 mi
850 236 1056 288 Pomponi,
1076 236 1187 274 valde
1214 235 1371 287 poenitet

250 291 400 329 vivere:
431 290 509 341 qua
538 290 579 327 in
608 303 648 328 re
673 290 777 341 apud
806 302 868 328 me
899 297 941 327 tu
968 290 1182 341 plurimum
1201 289 1366 329 valuisti.

250 345 326 384 Sed
343 345 425 383 haec
443 356 596 388 coram:
627 344 687 382 fac
705 343 833 393 mod0‚
853 350 898 382 ut
915 344 1056 382 venias.

479 510 570 564 (5.)
601 509 813 549 CICERO
840 508 1060 550 ATTICO
1087 511 1128 550 S.

297 620 475 659 Terentia
494 619 564 657 tibi
583 626 620 656 et
638 631 737 669 saepe
756 626 793 656 et
810 618 999 656 maximas
1024 618 1105 669 agit
1130 618 1295 669 gratias:
1325 619 1365 657 id

246 682 303 714 est
321 674 418 712 mihi
437 672 708 724 gratissimum.
737 672 824 723 Ego
839 672 925 710 vivo
943 672 1191 719 miserrimus,
1207 680 1245 711 et
1255 685 1366 711 max-

245 730 325 766 imo
343 728 472 765 dolore
491 726 679 765 conficior.
710 726 775 764 Ad
793 735 831 764 te
849 725 943 777 quid
962 726 1138 774 scribam,
1158 726 1294 764 nescio.
1323 727 1366 765 Si

245 784 349 821 enim
368 795 406 819 es
425 782 576 827 Romae,
590 782 672 830 jam
690 793 754 818 me
768 780 918 831 assequi
931 793 1009 818 non
1027 787 1158 831 potes:
1189 780 1247 818 sin
1266 793 1306 818 es
1323 780 1364 818 in

246 838 323 883 via,
358 848 447 873 cum
480 835 551 873 eris
583 847 646 872 me
678 841 884 881 assecutus,
914 846 1041 872 eoram
1070 846 1242 884 agemus,
1275 848 1364 886 quae

244 897 356 928 erunt
375 889 530 940 agenda.
563 889 738 926 Tantum
759 896 797 926 te
815 900 895 936 oro,
919 895 977 935 ut,
1004 888 1189 938 quoniam
1213 900 1277 926 me
1303 888 1363 940 ip-

244 957 332 982 sum
353 956 502 994 semper
517 942 667 990 amasti,
684 941 816 979 eodem
829 954 957 980 amore
971 941 1040 979 sis:
1062 954 1132 992 ego
1143 941 1243 980 enim
1259 941 1362 980 idem

244 1011 355 1036 sum:
386 996 532 1034 inimici
549 1009 635 1033 mea
652 995 764 1041 mihi,
785 1007 862 1032 non
882 1008 947 1033 me
962 995 1105 1046 ipsum,
1126 996 1361 1034 ademerunt.

245 1052 349 1090 Cura
367 1058 411 1089 ut
429 1051 566 1089 valeas.
595 1049 689 1088 Dat.
710 1049 822 1087 VIII
843 1048 904 1088 Id.
919 1049 1020 1101 Apr.
1037 1048 1188 1088 Thurii.

480 1210 568 1262 (6.)
599 1210 810 1250 CICERO
839 1210 1046 1250 ATTICO
1074 1212 1115 1250 s.

295 1319 387 1357 Non
417 1318 541 1357 fuerat
570 1319 667 1356 mihi
699 1319 878 1366 dubium,
912 1319 1007 1371 quin
1040 1327 1077 1358 te
1108 1319 1264 1357 Tarenti
1292 1328 1361 1358 aut

240 1373 440 1412 Brundisii
459 1373 609 1410 visurus
629 1385 773 1410 essem:
804 1373 920 1424 idque
940 1373 989 1410 ad
1008 1373 1132 1411 multa
1148 1373 1332 1423 pertinuit
1345 1387 1360 1418 ;

238 1428 279 1465 in
300 1428 365 1473 eis,
387 1434 423 1465 et
437 1434 481 1464 ut
499 1427 539 1463 in
559 1426 680 1477 Epiro
695 1426 995 1472 consisteremus,
1016 1434 1053 1465 et
1067 1427 1114 1464 de
1132 1426 1288 1478 reliquis
1302 1440 1360 1465 re-

239 1483 313 1520 bus
327 1489 394 1519 tuo
413 1480 567 1518 consilio
586 1488 790 1518 uteremur.
823 1480 1020 1528 Quoniam
1038 1480 1078 1518 id
1096 1492 1173 1518 non
1185 1480 1358 1532 contigit,

241 1536 311 1574 erit
329 1535 401 1573 hoc
420 1547 573 1585 quoque
590 1534 631 1571 in
659 1547 801 1585 magno
819 1546 980 1572 numero
1005 1541 1221 1572 nostrorum
1239 1535 1361 1572 malo-

239 1602 340 1627 rum.
371 1588 496 1626 Nobis
525 1589 596 1626 iter
622 1595 677 1626 est
703 1588 744 1625 in
776 1588 930 1636 Asiam,
962 1588 1134 1626 maxime
1159 1587 1358 1639 Cyzicum.

241 1642 355 1681 Meos
379 1641 449 1679 tibi
475 1641 711 1680 commendo.
741 1641 813 1679 Me
841 1641 907 1680 vix
935 1642 1149 1694 misereque
1177 1648 1359 1681 sustento.

240 1696 333 1735 Dat.
354 1695 461 1735 XIV
481 1694 566 1735 Cal.
589 1695 704 1745 Maii,
723 1695 771 1734 de
788 1695 1006 1734 Tarentino.

475 1856 563 1901 (7.)
593 1854 808 1895 CICERO
836 1854 1056 1895 ATTICO
1085 1858 1125 1896 S.

293 1963 550 2002 Brundisium
569 1963 656 2001 veni
674 1956 766 2001 a.'d.
793 1962 901 2002 XIV
922 1961 1006 2002 Cal.
1036 1963 1176 2002 Maias.
1215 1964 1277 2002 Eo
1295 1963 1360 2002 die

239 2018 348 2070 pueri
367 2018 427 2055 tui
444 2017 541 2055 mihi
559 2030 582 2054 a
600 2025 637 2055 te
654 2017 782 2055 literas
796 2016 1067 2063 reddiderunt3
1097 2024 1134 2055 et
1153 2017 1218 2055 alii
1231 2018 1355 2068 pueri,

237 2078 324 2123 post
342 2070 447 2109 diem
470 2070 626 2110 tertium
645 2072 727 2120 ejus
746 2070 834 2119 diei,
864 2070 958 2109 alias
974 2071 1103 2109 literas
1131 2071 1354 2109 attulerunt.

239 2124 358 2173 Quod
375 2137 438 2162 me
458 2137 567 2175 rogas
582 2132 619 2162 et
632 2124 809 2171 hortaris,
829 2130 874 2162 ut
886 2124 992 2176 apud
1009 2132 1047 2163 te
1063 2125 1105 2162 in
1122 2125 1244 2177 Epiro
1258 2125 1353 2169 sinu

234 2179 415 2218 voluntas·
431 2186 497 2216 tua
515 2177 611 2215 mihi
632 2178 741 2216 valde
768 2186 875 2229 grata
903 2185 972 2227 est,
999 2186 1036 2217 et
1053 2178 1213 2218 minime
1231 2190 1353 2218 nova:
