1513 2382
205 30 284 82 324
428 41 511 81 AD
530 39 816 80 A'r'rlcUM.
850 39 950 78 111⁸.
971 37 1050 79 vr.
1068 39 1107 79 9.

201 164 279 204 quo
309 150 370 188 die
398 148 587 200 congressi
618 147 774 197 erimus,
805 147 1006 187 consilium
1038 159 1172 199 capere
1199 148 1319 199 possi-

198 218 315 243 muss
337 204 398 242 At
426 204 576 249 multa3
606 202 674 254 qui
703 210 741 240 et
769 214 1026 254 properarem,
1060 209 1098 240 et
1126 201 1161 240 ei
1188 201 1316 240 literas

199 259 345 305 darem,
378 257 448 310 qui
477 263 544 295 aut
573 269 741 303 meeum,
768 263 835 294 aut
866 256 983 307 paulo
1012 263 1113 304 ante,
1132 262 1317 305 venturus

200 321 306 351 esset.
339 310 472 351 Cicero
494 311 565 348 tibi
583 310 791 362 plurimam
810 310 975 348 salutem
993 309 1107 348 dicit:
1122 316 1181 355 ,tu
1200 309 1315 357 dices,

198 366 398 418 utriusque
416 367 588 404 nostram
607 364 744 411 verbis,
765 370 802 402 et
820 363 931 402 Piliae
942 370 1033 413 tuae,
1054 371 1091 402 et
1108 363 1210 402 filiae.

435 528 523 571 (9.)
553 524 765 564 eiCERO
793 525 1014 565 ATTICO
1043 510 1099 580 s.-

193 659 196 661 -
258 637 307 675 In
326 635 473 674 Piraeea
491 646 580 672 cum
600 634 765 671 exissem
783 632 905 684 pridie
925 631 1020 671 Idus
1039 632 1238 682 Octobres,
1257 646 1320 673 ac-

199 692 283 743 cepi
295 692 343 728 ab
362 690 522 734 Acasto,
543 699 650 724 servo
669 699 769 734 meo,
793 687 921 724 statim
939 694 1025 725 tuas
1043 687 1194 726 literas:
1224 701 1320 739 quas

200 745 358 797 quidem
377 755 467 781 cum
486 740 761 792 exspectassem
778 741 861 790 jam
886 740 968 788 diu,
989 740 1199 780 admiratus
1217 754 1319 789 sum,

200 807 246 837 ut
272 798 351 836 vidi
377 795 617 846 obsignatam
646 794 860 845 epistolam,
891 794 1116 833 brevitatem
1139 796 1246 844 ejus3
1276 802 1322 833 ut

202 851 349 904 aperui,
376 862 507 888 rursus
530 864 704 899 σινχχυσιν
722 847 979 896 literularum,
999 861 1087 900 quae
1105 850 1226 888 solent
1244 857 1322 888 tuae

194 903 529 957 compositissimae
565 909 602 939 et
631 901 849 940 clarissimae
881 915 983 940 esse:
1019 915 1076 949 ac,
1107 915 1156 941 ne
1179 903 1319 950 multa,

201 959 378 1011 cognovi,
395 971 440 996 ex
461 969 505 994 eo
517 955 620 1007 quod
639 955 692 993 ita
710 955 924 1007 scripseras,
940 963 978 994 te
992 956 1162 994 Romam
1176 957 1322 995 venisse

202 1028 236 1053 a.
257 1014 294 1051 d.
317 1012 405 1050 XII
426 1009 584 1050 Calend.
606 1009 744 1048 Octob.
769 1022 857 1048 cum
884 1010 993 1048 febri.
1034 1010 1240 1049 Percussus
1257 1024 1323 1050 ve-

201 1069 414 1111 hementer,
441 1077 510 1102 nec
528 1063 665 1114 magiS‚
686 1076 804 1115 quam
823 1063 953 1112 debui,
975 1064 1102 1102 statim
1123 1078 1253 1116 quaero
1274 1078 1322 1103 ex

193 1122 356 1161 Acasto.
397 1118 472 1157 Ille
489 1125 526 1156 et
545 1117 615 1155 tibi
635 1124 671 1155 et
699 1117 771 1155 sibi
795 1118 936 1166 visum,
957 1125 995 1155 et
1021 1118 1075 1156 ita
1093 1131 1132 1156 se
1150 1119 1256 1157 domi
1274 1132 1322 1157 ex

201 1176 278 1215 tuis
298 1174 462 1219 audisse,
483 1179 528 1209 ut
540 1171 639 1209 nihil
659 1179 754 1209 esset
772 1171 1025 1210 incommode.
1055 1172 1105 1210 Id
1123 1172 1322 1211 videbatur

202 1230 425 1281 approbare,
446 1225 550 1277 quod
569 1232 648 1262 erat
665 1225 705 1262 in
725 1233 910 1272 extremo,
937 1225 1161 1264 febriculam
1181 1233 1265 1264 tum
1285 1233 1322 1265 te

194 1273 407 1321 habentem
420 1278 621 1330 scripsisse.
641 1278 718 1317 Sed
736 1279 862 1316 amavi
873 1286 1016 1325 tamen,
1033 1279 1321 1331 admiratusque

203 1350 305 1383 sum,
327 1334 431 1386 quod
457 1332 709 1370 nihilominus
725 1331 775 1369 ad
792 1345 855 1370 me
874 1332 942 1370 tua
959 1345 1079 1370 manu
1099 1333 1321 1384 scripsisses.

194 1391 335 1439 Quare
354 1389 401 1426 de
418 1388 491 1425 hoc
510 1386 610 1423 satis.
641 1386 759 1436 Spero
782 1386 900 1433 enim,
928 1399 1015 1437 quae
1032 1393 1101 1424 tua
1118 1387 1322 1438 prudentia

195 1452 243 1483 *et
262 1440 516 1493 temperantia
534 1446 602 1486 est,
620 1440 867 1485 et(hercule),
881 1447 925 1477 ut
942 1452 1006 1478 me
1014 1441 1125 1490 jubet
1135 1441 1319 1491 Acastus,

201 1496 366 1541 confido,
386 1503 423 1533 te
439 1495 535 1543 jam,
559 1500 605 1530 ut
622 1493 815 1540 volumus,
836 1494 970 1532 valere.

195 1573 200 1577 -
265 1551 307 1589 A
342 1547 542 1587 Turannio
574 1554 612 1584 te
643 1546 828 1598 accepisse
859 1559 964 1586 meas
998 1547 1126 1586 literas
1161 1549 1322 1600 gaudeo.

194 1603 492 1655 -Παραφυλαὲον,
512 1600 545 1638 si
563 1613 627 1638 me
644 1613 763 1646 amas,
787 1617 852 1644 την
871 1616 916 1639 τε
933 1609 1090 1650 Φυρατου
1110 1609 1322 1652 φιλοτιμιαν

194 1672 406 1696 -αυτοτατα,
436 1655 564 1700 Hanc,
586 1667 687 1705 quae,
706 1654 937 1702 mehercule,
952 1654 1051 1692 mihi
1061 1668 1202 1707 magno
1216 1656 1324 1696 dolo-

195 1712 238 1749 ri
263 1717 332 1758 est,
366 1708 503 1761 (dilexi
536 1708 637 1745 enim
667 1707 885 1758 hominem)
911 1721 1086 1760 procura,
1118 1711 1323 1760 quantula-

205 1776 372 1815 cumque
386 1769 455 1808 est,
474 1761 709 1800 Praecianam
722 1761 994 1800 haereditatem.
1015 1763 1175 1802 Prorsus
1192 1765 1258 1803 ille
1275 1776 1324 1803 ne

203 1819 379 1869 attingat.
409 1815 538 1862 Dices,
559 1828 740 1853 nummos
762 1815 859 1853 mihi
877 1829 974 1867 opus
993 1829 1072 1854 esse
1089 1817 1138 1854 ad
1163 1831 1324 1869 apparaa

205 1880 291 1911 tum
310 1869 498 1921 triumphi
514 1883 525 1907 ε
554 1869 596 1906 in
615 1882 706 1920 quo,
726 1875 771 1907 ut
795 1869 982 1921 praecipis,
1001 1882 1071 1908 nec
1088 1882 1152 1908 me
1171 1886 1263 1909 κενον
1281 1871 1323 1910 in

203 1924 417 1976 expetendo
435 1935 648 1974 cognosces,
668 1935 738 1961 nec
757 1931 889 1969 ατυφον
908 1924 949 1960 in
963 1923 1185 1973 abjiciendo.

259 1977 440 2019 Intellexi
469 1990 516 2014 ex
544 1976 619 2014 tuis
637 1976 754 2014 literis
773 1983 811 2014 te
828 1989 876 2014 ex
892 1977 1092 2015 Turannio
1110 1978 1276 2027 audisse,
1298 1993 1322 2018 a

194 2045 268 2070 -me
281 2030 516 2082 provinciam
535 2030 644 2068 fratri
661 2029 853 2068 traditam.
878 2030 1032 2069 Adeon'
1051 2043 1121 2081 ego
1138 2043 1215 2070 non
1233 2045 1321 2084 per-

203 2097 402 2137 spexeram
419 2084 880 2136 prudentiamliterarum
898 2091 1054 2123 tuarum
1067 2086 1085 2123 ἲ
1117 2091 1267 2138 Επεχειν
1286 2094 1324 2125 te

195 2139 404 2183 scribebas.
443 2136 663 2186 Quid.erat
691 2137 929 2178 dubitatione
958 2138 1136 2190 dignum,
1164 2138 1197 2178 si
1229 2147 1325 2179 esset
