1513 2382
335 90 417 128 AD
449 90 735 130 ATTICUM.
767 91 867 129 Lm.
899 92 973 130 lv.
1001 94 1041 129 5.
1167 92 1245 129 ‘249

129 196 324 289 Eplsterius.
354 198 420 237 Tu
438 199 500 238 fac
518 199 670 238 venias:
693 206 730 238 et
744 199 792 238 de
811 199 990 249 librariis,
1011 197 1117 237 sime
1129 210 1250 248 amas,

187 259 343 303 igenter.

363 418 448 465 (5.)
478 415 696 455 CICERO
725 414 936 455 ATTICO
965 417 1004 455 s.

126 524 131 551 ἱ
182 521 289 560 Ai'n'
310 525 385 562 tu?
414 536 464 562 an
482 536 545 562 me
564 523 759 562 existimas
778 526 826 562 ab
845 525 926 562 ullo
936 523 1052 562 malle
1066 535 1153 560 mea
1170 521 1247 571 legi

129 576 373 628 probarique,
403 591 522 629 quam
548 591 572 616 a
599 578 663 616 te?
694 578 777 616 Cur
805 578 923 629 igitur
956 577 1136 629 cuiquam
1158 574 1247 613 misi

129 630 264 680 prius?
298 631 470 682 Urgebar
487 633 535 669 ab
555 645 598 670 eo
623 632 672 669 ad
697 645 813 684 quem
839 632 940 679 misi,
972 639 1009 669 et
1034 643 1109 668 non
1129 630 1248 668 habe-

129 685 220 721 bam
240 686 446 736 exemplar.
476 685 616 733 Quid?
646 685 761 724 etiam
779 685 948 729 (dudum
967 685 1070 723 enim
1085 684 1248 722 circum-

129 737 235 785 rodo,
256 739 360 790 quod
378 739 637 777 devorandum
657 747 729 785 est)
749 739 1012 791 subturpicula
1029 738 1126 776 mihi
1146 736 1249 776 videm

130 791 244 829 batur
262 804 341 831 esse
356 793 568 840 παλινῳδια.
601 794 677 832 Sed
688 794 839 831 valeant
850 801 964 840 recta,
977 806 1078 841 vera,
1092 792 1250 829 honesta

129 845 296 883 consilia.
328 847 421 885 Non
447 854 503 885 est
531 848 721 896 credibile,
742 861 829 899 quae
848 847 897 885 sit
923 846 1116 907 perfidia
1105 859 1146 883 m
1171 843 1253 882 istis

127 898 378 951 principibus,
392 909 436 938 ut
455 901 589 939 volunt
608 914 699 950 esse,
720 909 757 939 et
775 909 818 939 ut
837 909 975 949 essent,
989 901 1022 938 si
1033 899 1249 952 quidquam

128 952 312 991 haberent
330 954 430 992 fidei.
458 956 674 1003 Senseram,
698 957 848 1016 11613111,
868 955 1060 1002 inductus,
1080 953 1248 1012 relictus,

130 1007 320 1067 projectus
338 1008 415 1046 ab
405 1008 477 1053 1is;
501 1016 630 1047 tamen
649 1009 722 1047 hoc
741 1017 820 1047 erat
833 1009 872 1046 in
888 1009 1031 1055 animo,
1047 1015 1091 1045 ut
1102 1019 1191 1045 cum
1202 1005 1253 1043 -iis

129 1060 171 1097 in
190 1073 230 1098 re
246 1062 402 1112 publica
420 1063 682 1100 consentirem.
713 1063 839 1100 Iidem
858 1070 979 1111 erant,
999 1061 1067 1114 qui
1082 1061 1249 1100 fuerant.

132 1113 213 1152 Vix
231 1115 452 1166 aliquando,
479 1123 517 1154 te
535 1124 700 1164 auctore,
720 1116 912 1172 resipivi
902 1125 908 1157 ἱ,

142 1168 316 1217 Dices,
338 1182 382 1207 ea
400 1176 438 1207 te
455 1170 662 1218 monuisse,
678 1171 851 1219 suasisse,
871 1162 958 1222 quae
972 1170 1157 1215 facerem3
1177 1180 1256 1206 non

131 1193 247 1260 etiam
266 1230 311 1260 ut
328 1223 542 1262 scriberem.
581 1224 670 1275 Ego
693 1223 948 1276 (mehercule)
977 1225 1074 1262 mihi
1093 1222 1254 1261 necessi-

131 1283 251 1314 tatem
273 1277 413 1316 volui
402 1290 598 1329 imponere
610 1278 728 1328 hujus
747 1290 855 1317 novae
880 1277 1177 1328 conjunctionis3
1207 1288 1257 1314 ne

133 1331 212 1381 qua
228 1330 327 1368 mihi
344 1331 473 1370 liceret
499 1332 580 1370 labi
596 1332 647 1370 ad
668 1333 768 1380 illos,
797 1333 865 1384 qui
890 1333 1006 1371 etiam
1033 1339 1133 1377 tum,
1165 1342 1254 1368 cum

133 1384 305 1422 misereri
322 1385 400 1422 mei
418 1385 572 1434 debent,
592 1398 670 1424 non
689 1386 871 1424 desinunt
893 1386 1073 1424 invidere.
1103 1384 1180 1424 Sed
1198 1391 1256 1421 ta-

132 1449 224 1476 men
241 1438 383 1476 modici
399 1439 545 1477 fuimus
559 1439 662 1477 αποθε
669 1455 739 1488 σει,
754 1447 799 1478 ut
817 1440 959 1492 scripsi.
989 1440 1148 1478 Erimus
1162 1439 1257 1476 ube:

134 1491 264 1539 riores,
286 1492 317 1530 si
337 1499 373 1530 et
390 1492 456 1531 ille
472 1494 634 1531 libenter
651 1494 822 1545 accipiet,
844 1501 881 1532 et
898 1495 940 1532 hi
959 1493 1256 1544 subringentur
1243 1519 1257 1536 ‚

135 1545 205 1596 qui
229 1546 362 1584 villam
392 1559 456 1585 me
483 1545 642 1585 moleste
671 1547 800 1586 ferunt
828 1548 981 1595 habere,
1015 1561 1102 1598 quae
1127 1545 1258 1584 Catuli

134 1599 285 1644 f3uerat
315 1613 338 1637 a
356 1597 488 1639 Vettio
516 1600 650 1639 emisse
674 1613 752 1639 non
782 1602 973 1653 cogitant3
1003 1601 1072 1652 qui
1094 1600 1256 1638 domum

134 1660 276 1704 negant
294 1654 503 1704 oportuisse
520 1667 584 1692 me
603 1655 812 1701 aedificare3
844 1655 1004 1693 vendere
1022 1654 1131 1692 aiunt
1144 1665 1257 1704 opor-

135 1707 262 1745 tuisse.
304 1707 380 1745 Sed
398 1708 492 1759 quid
517 1708 567 1746 ad
583 1709 684 1746 hoc?
713 1709 756 1748 Si
787 1709 928 1760 quibus
946 1707 1140 1747 sententiis
1159 1706 1255 1754 dixi,

135 1761 240 1812 quod
259 1769 296 1799 et
314 1761 387 1812 ipsi
405 1764 622 1812 probarent,
641 1763 760 1801 laetati
778 1769 869 1800 sunt
888 1770 1030 1811 tamen,
1049 1775 1113 1799 me
1127 1768 1258 1799 contra

136 1815 314 1866 Pompeii
349 1816 586 1854 voluntatem
623 1816 774 1855 dixisse.
824 1815 952 1865 [Finis
969 1817 1002 1868 z]
1045 1815 1123 1863 sed,
1159 1827 1255 1866 quo-

134 1868 254 1916 niam,
275 1869 343 1920 qui
361 1869 459 1907 nihil
478 1877 650 1920 possunt,
672 1870 700 1907 ii
717 1884 780 1908 me
794 1871 931 1908 nolunt
951 1882 1099 1916 amai-<23
1119 1868 1255 1907 demus

132 1935 302 1973 operam,
323 1930 381 1970 ut,
405 1925 453 1961 ab
472 1925 519 1960 iis
538 1924 607 1975 qui
625 1932 797 1975 possunt,
818 1924 1037 1974 diligamur.

187 1975 330 2014 Dices:
362 1977 498 2015 vellem
513 1977 759 2028 jampridem.
791 1978 876 2017 Scio
895 1986 931 2016 te
947 1978 1123 2024 voluisse,
1143 1984 1180 2015 et
1193 1989 1233 2014 m
1236 1989 1258 2014 e

130 2029 283 2068 asinum
301 2043 530 2081 germanum
550 2031 677 2069 fuisse.
722 2032 797 2070 Sed
823 2033 906 2081 jam
936 2039 1088 2084 tempus
1116 2039 1174 2069 est
1194 2043 1258 2068 me

129 2083 258 2134 ipsum
275 2097 299 2122 a
316 2097 380 2122 me
398 2084 533 2131 amari,
554 2085 708 2135 quando
733 2088 782 2124 ab
805 2086 881 2123 illis
912 2085 1020 2124 nullo
1039 2085 1153 2124 modo
1171 2097 1258 2137 pos-

130 2149 229 2175 sum.

178 2189 353 2230 Domum
373 2204 500 2230 meam
516 2192 617 2243 quod
639 2192 796 2231 crebro
787 2193 929 2239 mvisis,
947 2202 1000 2232 est
1021 2193 1116 2231 mihi
1133 2192 1241 2231 valde
