1513 2382
204 86 283 123 286
417 84 499 123 AD
527 84 810 125 ATTICUM.
839 84 937 122 1113.
958 83 1008 122 V.
1032 82 1093 126 17.

417 193 531 244 (17.)
561 191 776 232 CICERO
805 189 1025 229 ATTICO
1053 190 1094 228 S.

255 299 397 350 Accepi
415 299 556 347 Rom‘a,
577 299 657 337 sine
671 298 828 350 epistola
845 298 927 345 tua,
942 296 1165 335 fasciculum
1182 292 1311 331 litera-

201 363 288 388 rum
304 366 314 389 :
343 352 383 390 in
401 365 491 404 quo,
512 353 544 390 si
559 352 672 390 modo
691 351 855 399 valuisti,
875 358 913 389 et
926 351 1062 389 Romae
1074 347 1195 394 fuisti,
1215 345 1311 384 Phi·

199 405 324 442 lotirni
337 405 434 444 duco
450 418 528 443 esse
542 407 710 456 culpam,
730 417 806 443 non
826 412 945 442 tuam.
974 403 1089 442 Hanc
1107 400 1306 453 epistolam

199 457 337 496 dictavi
355 460 485 497 sedens
503 459 543 497 in
562 459 692 506 rheda,
709 471 796 496 cum
810 459 851 496 in
869 464 989 496 castra
1005 455 1267 508 proficiscerer,
1283 465 1308 491 a

199 511 340 562 quibus
359 514 511 550 aberam
529 512 648 550 bidui.
679 512 816 551 Paucis
838 511 971 549 diebus
987 510 1176 548 habebam
1190 513 1309 546 certos

198 564 384 613 homines,
417 567 555 616 quibus
587 565 717 603 darem
744 565 894 603 literas:
922 563 1053 614 itaque
1077 574 1121 600 eo
1141 574 1205 600 me
1231 573 1310 599 ser—

198 630 296 655 vavi.

251 672 335 709 Nos
367 671 536 723 (tametsi
565 672 636 709 hoc
661 678 698 709 te
719 684 768 710 ex
786 671 869 709 aliis
897 669 1027 708 audire
1046 666 1168 718 malo)
1187 667 1240 705 sic
1266 666 1308 705 in

196 725 391 775 provincia
409 737 477 763 nos
495 724 675 775 gerimus,
696 725 799 776 quod
818 724 865 762 ad
876 722 1145 762 abstinentiam
1159 720 1308 769 attinet,

197 786 243 815 ut
267 779 397 817 nullus
424 779 614 816 teruncius
631 778 845 816 insumatur
862 778 903 815 in
921 787 1167 828 quemquam.
1191 773 1246 812 Id
1263 773 1309 812 fit

198 831 312 869 etiam
342 839 378 870 et
401 833 627 883 legatorum,
648 840 686 869 et
712 832 967 878 tribunorum,
987 837 1025 868 et
1040 828 1306 880 praefectorum

195 885 416 936 diligentia:
446 898 537 923 nam
561 898 691 924 omnes
709 885 866 923 mirifice
888 883 1204 934 συμφιλοὸοξουσιν
1222 881 1307 931 glo-

195 938 262 976 riae
280 951 389 977 meae.
421 939 546 990 Lepta
563 947 689 977 noster
706 938 886 976 mirificus
904 944 971 974 est.
1000 935 1076 974 Sed
1093 946 1195 973 nunc
1218 946 1307 985 pro-

196 1004 311 1043 pero:
341 993 568 1044 perscribam
587 993 634 1030 ad
654 1001 690 1030 te
703 992 833 1043 paucis
846 991 979 1029 diebus
992 988 1131 1028 omnia.

253 1044 451 1084 Cicerones
476 1054 620 1084 nostros
639 1045 842 1084 Deiotarus
861 1044 973 1087 filius,
1001 1042 1067 1094 qui
1091 1054 1158 1080 rex
1183 1042 1232 1078 ab
1251 1053 1308 1079 se-

196 1106 291 1136 natu
309 1100 521 1150 appellatus
539 1107 608 1147 est,
629 1112 755 1137 secum
773 1099 814 1136 in
827 1110 1000 1149 regnum.
1029 1096 1138 1134 Dum
1152 1095 1193 1132 in
1208 1094 1308 1132 aesti-

197 1151 253 1190 vis
272 1164 339 1190 nos
358 1166 538 1201 essemus,
558 1153 669 1191 illum
683 1152 810 1204 pueris
822 1153 950 1190 locum
961 1162 1038 1188 esse
1055 1148 1307 1188 bellissimum

198 1205 393 1244 duximus.

196 1282 199 1284 -
249 1259 402 1297 Sextius
419 1259 468 1297 ad
485 1272 548 1297 me
567 1259 725 1310 scripsit,
754 1271 842 1310 quae
867 1264 994 1296 tecum
1021 1262 1116 1294 esset
1141 1255 1189 1293 de
1215 1254 1303 1293 mea

196 1311 401 1350 domestica
419 1321 456 1350 et
473 1313 645 1350 maxima
663 1312 753 1350 cura
771 1313 932 1359 locutus,
958 1318 995 1348 et
1012 1309 1105 1361 quid
1123 1308 1194 1347 tibi
1207 1315 1304 1346 esset

195 1364 332 1403 visum.
362 1367 515 1404 Amabo
543 1374 594 1414 te,
622 1366 799 1403 incumbe
824 1365 865 1402 in
884 1377 968 1402 eam
997 1375 1093 1411 rem,
1113 1369 1150 1400 et
1173 1362 1223 1399 ad
1239 1373 1304 1400 me

195 1418 326 1465 scribe,
347 1419 440 1470 quid
458 1428 495 1457 et
521 1419 652 1470 possit,
681 1426 718 1456 et
744 1426 787 1456 tu
805 1430 963 1456 censeas.
1001 1416 1112 1454 Idem
1140 1414 1300 1466 scripsit,

195 1471 448 1510 Hortensium
471 1473 519 1510 de
545 1472 783 1523 proroganda
805 1471 932 1509 nostra
954 1468 1148 1521 provincia
1165 1469 1305 1507 dixisse

194 1525 319 1563 nescio
338 1526 442 1576 quid.
484 1526 589 1563 Mihi
607 1526 646 1562 in
668 1525 858 1571 Cumano,
882 1523 1166 1574 diligentissime
1184 1534 1238 1570 se,
1257 1529 1303 1560 ut

194 1579 313 1616 annui
331 1592 510 1627 essemus,
530 1579 788 1624 defensurum,
808 1585 1007 1628 receperat.
1035 1576 1077 1615 Si
1088 1575 1301 1627 quidquam

192 1644 255 1669 me
273 1645 393 1679 amas,
408 1633 512 1670 hunc
528 1634 656 1671 locum
674 1631 795 1670 muni.
824 1631 914 1669 Dici
931 1643 1008 1668 non
1024 1637 1161 1681 potaet,
1181 1641 1300 1679 quam

192 1685 334 1723 invitus
352 1699 374 1723 a
392 1686 497 1724 vobis
520 1686 667 1724 absim:
699 1693 735 1723 et
752 1685 868 1722 simul
885 1685 983 1722 hanc
1005 1683 1164 1734 gloriam
1186 1682 1301 1731 justi-

192 1738 256 1775 tiae
275 1746 311 1776 et
329 1740 563 1778 abstinentiae
580 1740 659 1777 fore
677 1738 919 1776 illustriorem
947 1749 1069 1788 spero,
1089 1736 1120 1774 si
1144 1736 1217 1774 cito
1235 1735 1301 1773 de-

191 1792 433 1836 cesserirnus3
464 1792 503 1829 id
523 1793 625 1843 quod
645 1792 821 1831 Scaevolae
838 1791 1008 1841 contigit,
1028 1790 1096 1841 qui
1113 1790 1212 1827 solos
1229 1801 1298 1827 no-

190 1857 276 1882 vem
295 1858 441 1884 menses
462 1846 563 1884 Asiae
581 1846 744 1897 praefuit„
1315 1888 1319 1891 χ

241 1899 394 1949 Appius
409 1908 547 1947 noster,
567 1913 655 1937 cum
673 1911 736 1936 me
753 1898 953 1936 adventare
970 1896 1126 1943 videret,
1151 1895 1297 1947 profec-

189 1958 251 1988 tus
270 1960 325 1989 est
344 1952 510 1990 Tarsum
523 1966 644 2003 usque
663 1952 873 1990 Laodicea:
894 1950 948 1988 ibi
961 1950 1087 1988 forum
1101 1950 1194 2000 agit,
1207 1960 1296 1987 cum

189 2017 258 2054 ego
277 2005 346 2042 sim
366 2006 407 2043 in
425 2006 643 2057 provincia:
672 2018 790 2056 quam
821 2006 902 2054 ejus
928 2003 1108 2052 injuriam
1133 2014 1208 2039 non
1235 2002 1296 2039 in-

187 2065 327 2095 sector:
359 2059 448 2096 satis
467 2060 568 2097 enim
583 2059 703 2097 habeo
717 2057 914 2108 negotiiin
934 2055 1110 2094 sanandis
1128 2055 1294 2093 vulneri-

185 2111 269 2156 bus,
284 2125 369 2162 quae
383 2119 470 2150 sunt
489 2112 663 2163 imposita
681 2111 905 2162 provinciae:
929 2109 1044 2161 quod,
1060 2109 1109 2146 do
1121 2121 1291 2160 operam,
