1513 2382
371 97 454 137 AD
481 95 769 136 ATTICUM.
799 98 900 136 11113.
923 96 1023 136 VII.
1058 99 1120 143 17.
1230 101 1310 139 355

173 222 198 248 a
215 205 416 259 Pompeio,
436 205 600 257 quasab
619 203 756 243 eodem
772 204 824 242 ad
841 204 1031 244 Caesarem
1045 206 1142 245 ferat
1155 206 1297 247 literas.

171 262 331 313 Scriptae
356 259 460 298 enim
490 266 537 297 et.
555 259 654 296 datae
671 258 726 295 ita
742 265 846 307 sunt,
867 266 913 297 ut
930 268 1232 311 proponerentur
1255 262 1298 301 in

172 315 355 368 publico:
386 312 428 350 in
447 326 525 364 quo
551 311 724 351 accusavi
752 324 906 351 mecum
935 313 1016 364 ipse
1045 315 1294 367 Pompeium,

172 370 254 422 qui,
272 381 361 408 cum
381 367 539 418 scriptor
556 366 775 405 luculentus
804 375 913 413 esset,
934 374 1060 406 tantas
1087 381 1160 416 res,
1182 376 1298 422 atque

172 436 234 462 eas
254 436 341 475 quae
368 421 407 459 in
437 421 612 459 omnium
640 433 779 458 manus
807 428 978 459 venturae
1001 428 1137 467 essent,
1164 423 1296 462 Sextio

170 484 300 516 nostro
319 475 534 515 scribendas
553 474 708 512 dederit.
751 473 889 526 Itaque
907 474 1006 512 nihil
1023 488 1198 527 unquam
1216 478 1294 528 legi

171 532 358 582 scriptum
381 528 707 578 σηστιωδεστερον.

236 583 408 636 Perspici
436 589 567 620 tamen
601 595 648 620 ex
677 581 797 620 literis
816 582 993 633 Pompeii
1021 590 1158 634 potest,
1193 584 1292 623 nihil

168 639 311 679 Caesari
329 636 474 689 negari,
495 636 700 687 omniaque
719 644 756 674 et
774 636 981 684 cumulate,
1003 650 1090 688 quae
1108 639 1290 688 postulet,

166 693 263 740 dari,
285 706 372 744 quae
397 691 476 737 ille,
509 690 794 728 amentissimus
823 689 952 737 fuerit,
984 691 1059 728 nisi
1089 693 1289 743 acceperit,

164 747 376 799 praesertim
409 757 497 783 cum
526 743 858 795 impudentissime
887 745 1146 795 postulaverit.
1190 746 1292 794 Quis

165 801 269 840 enim
284 810 327 839 tu
344 814 396 847 es,
417 797 485 851 qui
504 798 620 844 dicas,
641 798 672 836 si
685 798 726 835 in
747 797 980 849 Hispaniam
998 799 1188 849 profectus
1204 800 1288 849 erit,

165 855 197 893 si
228 854 405 907 praesidia
433 851 648 890 dimiserit?
688 851 839 889 Tamen
877 853 1119 898 conceditur;
1158 854 1289 893 minus

162 909 320 947 honeste
338 920 441 945 nunc
469 905 641 956 quidem,
663 904 801 943 violata
817 907 900 954 jam
920 906 1055 943 abillo
1073 908 1284 958 republica,

161 962 346 1014 illatoque
363 961 480 1004 bello,
495 972 614 1010 quam
634 959 665 997 si
679 959 771 997 olim
792 959 840 997 de
858 959 1004 997 ratione
1022 960 1200 999 habenda
1210 962 1287 999 im-

161 1017 368 1068 petrasset:
401 1022 438 1053 et
457 1022 583 1053 tamen
598 1026 741 1059 vereor,
761 1020 806 1050 ut
824 1013 883 1051 his
901 1013 992 1064 ipsis
1011 1021 1209 1053 contentus
1222 1016 1282 1053 sit.

161 1071 284 1119 Nam,
305 1082 394 1108 cum
412 1068 486 1106 ista
512 1067 694 1104 mandata
716 1067 880 1105 dedisset
905 1067 954 1104 L.
977 1067 1132 1115 Caesari,
1153 1068 1287 1108 debuit

160 1137 240 1163 esse
257 1124 374 1176 paulo
396 1121 572 1174 quietior,
593 1120 689 1158 dum
708 1133 888 1172 responsa
906 1120 1146 1160 referrentur.
1175 1123 1285 1161 Dici-

159 1184 223 1216 tur
240 1185 370 1216 autem
389 1189 493 1214 nunc
507 1188 586 1213 esse
604 1187 823 1213 acernmus.

212 1231 418 1271 Trebatius
455 1229 613 1282 quidem
650 1228 793 1275 scribit,
828 1242 867 1267 se
904 1230 953 1267 ab
989 1228 1058 1267 illo
1092 1228 1157 1267 IX
1197 1230 1283 1269 Cal.

157 1286 271 1325 Febr.
287 1292 465 1336 rogatum
484 1296 578 1331 esse,
599 1290 642 1320 ut
661 1282 838 1321 scriberet
857 1282 906 1320 ad
931 1295 1008 1330 me,
1028 1289 1073 1320 ut
1092 1296 1214 1322 essem
1233 1285 1283 1322 ad

156 1341 307 1380 Urbem
321 1354 332 1377 ε
362 1338 461 1376 nihil
476 1338 510 1376 ei
524 1350 587 1375 me
601 1336 746 1388 gratius
758 1337 880 1375 facere
893 1349 1014 1388 posse.
1046 1337 1087 1375 H
1091 1351 1144 1376 aec
1158 1338 1283 1377 verbis

154 1393 345 1447 plurimis.
380 1391 574 1439 Intellexi,
595 1404 643 1429 ex
667 1390 818 1429 dierum
846 1391 1005 1438 ratione,
1033 1398 1078 1429 ut
1108 1391 1283 1442 primum

155 1448 203 1487 de
221 1448 389 1486 discessu
406 1453 536 1485 nostro
558 1447 688 1484 Caesar
707 1445 890 1492 audisset,
912 1445 1084 1483 laborare
1103 1458 1192 1483 eum
1209 1459 1282 1484 coe-

153 1502 267 1554 pisse,
287 1513 336 1540 ne
349 1513 483 1539 omnes
501 1501 732 1538 abessemus.
762 1500 901 1550 Itaque
919 1511 996 1536 non
1016 1498 1164 1546 dubito,
1186 1500 1283 1551 quin

153 1556 204 1595 ad
230 1556 427 1603 Pisonem,
458 1554 554 1605 quin
572 1553 621 1592 ad
648 1552 839 1600 Servium,
861 1552 1060 1603 scripserit.
1087 1551 1195 1590 Illud
1214 1554 1283 1591 ad.

154 1610 288 1658 miror,
305 1621 383 1647 non
397 1608 526 1660 ipsum
545 1608 596 1646 ad
613 1620 677 1646 me
691 1607 907 1658 scripsisse;
928 1619 1005 1644 non
1017 1619 1086 1657 per
1096 1606 1283 1646 Dolabel-

154 1664 249 1710 lam,
279 1676 357 1702 non
375 1676 444 1715 per
463 1662 644 1711 Coelium,
666 1661 809 1712 egisse:
840 1673 1079 1712 quamquam
1104 1672 1182 1700 non
1213 1662 1282 1700 ad-

153 1730 310 1770 spernor
329 1716 502 1756 Trebatii
520 1716 664 1763 literas,
685 1729 709 1753 a
727 1728 805 1767 quo
823 1727 887 1753 me
905 1715 1016 1753 unice
1035 1714 1145 1766 diligi
1163 1715 1252 1754 scio.

209 1771 405 1824 Rescripsi
420 1771 469 1809 ad
482 1768 720 1819 Trebatium,
741 1774 849 1813 (nam
864 1768 913 1806 ad
927 1769 1056 1820 ipsum
1072 1769 1278 1818 Caesarem,

154 1826 223 1879 qui
236 1826 335 1864 mihi
352 1825 450 1864 nihil
464 1824 686 1876 scripsisset,
705 1823 830 1870 nolui)
847 1835 967 1875 quam
981 1822 1080 1861 illud
1089 1823 1162 1862 hoc
1182 1830 1279 1862 tem-

154 1893 247 1933 pore
266 1887 363 1919 esset
388 1878 564 1918 difficile:
597 1892 660 1917 me
678 1885 809 1916 tamen
826 1877 868 1915 in
886 1876 1039 1929 praediis
1058 1877 1154 1915 meis
1181 1878 1275 1926 esse,

152 1946 278 1986 neque
297 1934 488 1973 delectum
506 1933 648 1980 ullum,
675 1945 801 1984 neque
820 1931 1033 1982 negotium,
1060 1932 1278 1984 suscepisse.

154 1987 204 2026 In
234 2001 312 2041 quo
334 1988 493 2040 quidem
523 1989 702 2035 manebo,
737 1987 833 2024 dum
860 1998 944 2037 spes
963 1986 1067 2036 pacis
1093 1984 1187 2024 erit:
1219 1986 1277 2024 sin

153 2043 301 2082 bellum
316 2050 483 2094 geretur,
499 2054 577 2080 non
597 2041 708 2079 deero
727 2040 864 2085 officio,
884 2052 954 2078 nce
968 2039 1146 2090 dignitati
1164 2052 1276 2088 meae,

153 2109 292 2148 pueros
303 2096 538 2145 ὑπεκθεμενος
552 2095 592 2134 in
609 2095 813 2133 Graeciam.
842 2093 987 2132 Totam
999 2093 1102 2132 enim
1122 2092 1279 2132 Italiam

153 2151 402 2202 flagraturam
439 2149 542 2189 bello
587 2149 785 2201 intelligo:
830 2155 984 2186 tantum
1015 2148 1110 2186 mali
1138 2148 1280 2187 excita-

154 2212 241 2243 tum
258 2204 400 2257 partim
429 2217 478 2243 ex
506 2203 706 2257 improbis,
734 2203 879 2255 partim
898 2215 946 2242 ex
964 2201 1104 2242 invidis
1123 2201 1281 2242 civibus.
