1513 2382
294 86 378 126 AD
407 85 703 125 DIVERSOS.
733 84 833 123 Lm.
855 84 948 123 XV.
983 85 1043 124 19.
1159 89 1233 129 109

176 194 345 247 Longior
371 194 530 246 epistola
551 193 697 241 fuisset,
724 193 797 231 11151
823 206 866 230 60
884 193 966 244 ipso
985 201 1154 258 tempore
1172 211 1238 248 pe-

123 248 194 287 tita
212 257 307 288 &sset
324 262 348 287 a
365 262 444 295 me,
464 261 552 286 cum
569 249 651 296 jam
666 247 783 285 iretur
796 246 845 284 ad
857 254 917 284 te:
948 247 1096 299 longior
1107 251 1236 298 etiam,

122 302 154 341 si
183 310 339 352 φλυαρον
368 303 535 353 aliquem
561 301 779 339 habuisset:
815 313 906 338 nam
937 303 1109 348 σπουδαζε
1113 320 1141 339 ιν
1161 306 1240 344 sine

121 356 290 407 periculo
308 356 374 394 vix
401 369 615 407 possumus.
652 355 792 393 Ridere
811 355 928 405 igitur
949 355 1134 407 (inquies)
1150 373 1238 410 pos-

122 422 268 448 sumus.
314 411 406 448 Non
441 409 690 462 (mehercule)
728 409 934 447 facillime.
975 420 1238 451 verumtamen

121 463 238 501 aliam
274 464 551 502 aberrationem
587 477 610 501 a
642 463 760 501 moles
763 463 822 500 tiis
854 464 1003 501 nullam
1039 464 1238 506 habemus.

122 517 204 555 Ubi
231 518 348 569 igitur
381 517 565 570 (inquies)
593 516 866 568 philosophia?
899 517 990 555 Tua
1015 518 1171 568 quidem
1197 521 1238 559 in

122 570 280 616 culina;
309 584 398 610 mea
416 571 576 610 molesta
593 578 673 609 est:
703 571 823 622 pudet
850 571 954 609 enim
979 572 1127 611 servire.
1157 574 1239 613 Ita-

123 638 199 676 que
216 625 313 664 facio
332 639 395 664 me
413 625 506 663 alias
524 638 583 663 res
607 638 733 675 agere,
758 637 807 662 ne
832 625 1044 663 convicium
1068 627 1240 666 Platonis

121 678 290 717 audiam.
320 679 383 718 De
403 679 593 730 Hispania
611 679 708 716 1111111
727 678 850 717 adhuc
869 679 973 724 certi,
1000 679 1097 717 nihil
1116 683 1240 720 omni-

121 744 172 770 no
190 733 291 771 novi.
320 733 381 771 Te
400 735 541 779 abesse,
561 746 648 770 mea
663 733 944 771 631153111016516
958 733 1050 781 fero,
1067 734 1134 772 tua
1145 749 1241 786 gau-

123 786 206 824 deo.
234 787 310 825 Sed
329 787 476 838 flagitat
487 786 717 825 tabellarius.
746 786 904 826 Valebis
922 787 1065 838 igitur;
1085 801 1240 841 meque,

122 847 166 878 ut
184 854 208 879 a
225 854 343 893 puero
360 840 495 890 fecisti,
515 840 675 879 amabis.

244 1004 260 1056 (
278 1002 360 1053 19.)
391 1002 435 1042 C.
460 1003 686 1042 CASSIUS
713 1002 774 1041 M.
795 1003 846 1041 Τ.
867 1005 912 1043 C.
942 1005 981 1045 S.
1003 1005 1050 1043 Ρ.
1066 1004 1121 1044 D.

179 1116 504 1166 (Argumentum.
524 1139 578 1145 —
596 1116 818 1166 Respondet
854 1117 1004 1156 duabus
1050 1118 1240 1159 Ciceronis

124 1170 305 1221 epistolis,
325 1185 413 1222 quae
435 1179 523 1208 ante
546 1170 765 1231 proximam
791 1172 1024 1223 superiorem
1047 1173 1240 1223 leguntur.

124 1223 334 1276 Epicureos
363 1225 495 1263 laudat
521 1238 544 1262 a
571 1224 721 1262 virtutis
749 1225 886 1264 studio.
922 1226 1074 1291 Cupere
1095 1227 1242 1266 videtur

122 1286 167 1315 ut
186 1279 341 1317 Caesar
329 1292 370 1317 111
398 1278 590 1332 Hispania
613 1280 754 1328 vincat,
774 1281 858 1330 jam
886 1279 1037 1332 cognita
1059 1281 1141 1330 ejus
1166 1282 1243 1321 cle-

123 1333 300 1381 mentia.)

177 1440 272 1479 Non
291 1441 570 1489 (mehercule)
559 1455 599 1480 m
615 1445 688 1484 hac
705 1457 793 1482 mea
810 1443 1113 1494 peregrinatione
1131 1444 1244 1495 quid-

126 1508 245 1546 quam
270 1496 452 1534 libentius
483 1496 594 1543 facio,
626 1512 745 1550 quam
777 1497 898 1536 scribo
931 1498 980 1535 ad
1007 1505 1070 1535 te:
1115 1498 1244 1536 videor

124 1548 228 1586 enim
247 1562 335 1588 cum
354 1559 539 1601 praesente
555 1551 663 1604 loqui
685 1563 722 1590 et
747 1551 877 1601 jocari.
917 1551 1002 1590 Nec
1027 1558 1153 1590 tamen
1172 1552 1245 1590 hoc

124 1615 197 1640 usu
210 1603 312 1641 venit
330 1612 484 1655 propter
496 1614 641 1656 spectra
654 1606 841 1645 Catiana:
872 1618 941 1656 pro
956 1618 1033 1656 quo
1049 1605 1118 1643 tibi
1129 1619 1245 1656 prox-

125 1655 205 1694 ima
224 1657 382 1708 epistola
400 1664 456 1696 tot
474 1660 630 1698 rusticos
649 1662 794 1700 Stoicos
818 1672 1004 1710 regeram,
1024 1666 1069 1697 ut
1088 1659 1245 1697 Catium

127 1710 292 1749 Athenis
310 1719 446 1749 natum
465 1725 542 1751 esse
561 1714 675 1753 dicas.

182 1765 350 1803 Pansam
380 1773 567 1816 nostrum,
599 1768 764 1807 secunda
793 1767 990 1806 voluntate
1026 1766 1244 1816 hominum,

126 1818 356 1869 paludatum
375 1832 422 1857 ex
437 1820 542 1859 Urbe
561 1824 695 1870 exisse,
711 1835 800 1861 cum
818 1821 938 1872 ipsius
950 1822 1064 1858 631153
1082 1821 1244 1871 gaudeo

128 1879 214 1910 tum
248 1872 499 1925 (mehercule)
538 1876 654 1914 etiam
691 1876 863 1914 omnium
903 1877 1087 1912 nostrum.
1127 1875 1247 1925 Spero

128 1926 246 1974 enim,
284 1927 459 1966 homines
494 1928 764 1977 intellecturos,
797 1935 947 1990 quanto
984 1928 1034 1967 sit
1068 1929 1248 1969 omnibus

129 1979 217 2018 odio
235 1980 450 2029 crudelitas,
471 1989 508 2020 et
526 1990 669 2035 quanto
688 1983 809 2022 amori
837 1981 1004 2033 probitas
1023 1990 1060 2021 et
1082 1982 1249 2021 clemen-

128 2033 205 2071 tia:
236 2042 352 2086 atque
380 2047 437 2083 ea,
467 2049 554 2087 quae
580 2037 750 2076 maxime
777 2036 870 2074 111311
895 2042 1026 2086 petant
1053 2043 1091 2074 et
1112 2048 1250 2075 6011611-

129 2087 292 2138 piscant,
312 2088 361 2126 ad
379 2090 498 2128 bonos
522 2091 728 2142 pervenire.
757 2089 925 2128 Difficile
953 2096 1009 2127 est
1033 2090 1136 2128 enim
1163 2103 1250 2141 per-

131 2142 290 2180 suadere
317 2142 552 2192 hominibus,
587 2161 628 2182 το
663 2152 775 2182 καλον
800 2143 838 2180 ὃι
869 2158 951 2184 αυτο
979 2146 1116 2194 αἱρετου
1143 2157 1247 2183 esse:

135 2194 251 2238 ἡδονην
271 2208 374 2245 vero,
400 2207 438 2236 et
457 2200 673 2249 αταραξιαν,
695 2198 847 2246 virtute,
865 2196 1028 2249 justitia,
1049 2212 1103 2246 τῳ
1132 2207 1252 2247 καλῳ,

188 2250 354 2301 (Epist.)
384 2262 489 2290 vot..
520 2262 572 2290 11.
951 2262 978 2289 L
