1513 2382
314 85 398 124 AD
427 89 724 131 DIVERSOS.
755 91 856 130 Lm.
885 90 1010 131 XIII.
1044 93 1106 132 19.
1217 91 1267 130 21

148 201 186 234 et
203 195 254 234 ad
269 196 324 247 id,
337 198 443 250 quod
454 198 578 238 Attici
590 199 704 238 causa
714 206 752 238 te
764 199 961 238 ostendisti
972 213 1052 239 esse
1062 199 1271 248 facturum,

146 256 299 288 tantum
323 253 440 292 velim
463 253 595 301 addas,
624 260 814 306 quantum
840 267 888 293 ex
906 261 1034 293 nostro
1060 266 1190 292 amore
1208 266 1272 291 ac-

147 304 324 345 cessionis
352 307 435 345 fieri
464 314 618 359 potest:
656 315 707 356 et,
735 308 840 359 quod
867 308 983 347 modo
1014 309 1170 347 verebar
1199 307 1272 346 tibi

147 359 288 409 gratias
307 374 431 412 agere,
458 373 562 400 nunc
590 362 706 413 plane
724 375 820 413 ago;
842 370 956 414 teque
980 362 1034 400 ita
1054 362 1273 401 existimare

147 413 247 461 volo,
269 415 578 467 quibuscumque
595 415 727 454 officiis
744 416 785 453 in
804 416 1011 467 Epiroticis
1037 416 1271 468 reliquisque

145 468 259 505 rebus
280 469 460 508 Atticum
489 469 750 519 obstrinxeris,
777 470 913 509 iisdem
937 483 1002 510 me
1031 470 1101 510 tibi
1123 470 1271 521 obliga-

145 527 231 559 tum
248 522 340 562 fore.
371 523 482 562 Vale.

211 684 326 736 (19.)
356 684 418 723 M.
436 684 486 724 T.
506 684 554 726 C.
583 686 702 726 sER.
733 684 1002 726 SULPICIO
1030 686 1071 725 S.
1087 685 1134 723 P.
1150 684 1204 723 D.

199 787 524 838 (Argumentum.
539 811 594 818 -—
606 790 750 841 Rogat,
771 797 816 828 ut
834 790 1044 841 Lysonem,
1065 801 1178 840 quem
1196 799 1266 826 an-

144 844 567 903 tea-commendaverat,
590 844 632 882 in
659 844 778 883 fidem
809 851 846 882 et
870 843 1187 884 necessitudinem
1206 855 1266 880 re-

145 903 292 947 cipiet.)

197 1003 298 1043 Cum
319 1005 472 1057 Lysone
491 1006 668 1044 Patrensi
686 1013 741 1044 est
755 1006 854 1044 mihi
872 1006 1030 1058 quidem
1049 1004 1262 1056 hospitium

141 1065 277 1105 vetus3
310 1073 429 1111 quam
455 1073 525 1111 ego
554 1060 872 1098 necessitudinem
905 1068 1032 1098 sancte
1062 1059 1263 1098 colendam

138 1118 245 1161 puto.
278 1114 356 1152 Sed
385 1126 430 1152 ea
461 1127 573 1152 causa
597 1114 712 1152 etiam
743 1127 834 1153 cum
862 1114 946 1152 aliis
969 1113 1262 1165 compluribus;

138 1164 376 1206 familiaritas
408 1175 516 1206 tanta
546 1168 654 1206 nullo
684 1181 774 1206 cum
805 1168 984 1220 hospite3
1026 1175 1063 1205 et
1096 1180 1140 1206 ea
1171 1179 1261 1204 cum

138 1218 270 1258 officiis
299 1223 381 1271 ejus
412 1222 560 1269 multis,
584 1229 670 1260 tum
690 1222 806 1260 etiam
831 1221 1107 1260 consuetudine
1134 1219 1263 1273 quoti-

137 1272 264 1323 diana,
290 1276 343 1313 sic
372 1283 428 1314 est
446 1283 572 1324 aucta,
592 1284 637 1314 ut
660 1276 759 1314 nihil
784 1276 832 1315 sit
855 1276 1113 1315 familiaritate
1130 1274 1263 1313 nostra

138 1330 390 1378 conjunctius.

188 1382 230 1420 Is
259 1397 348 1422 cum
378 1385 517 1423 Romae
542 1397 687 1423 annum
714 1397 834 1436 prope
862 1384 917 1423 ita
945 1385 1079 1423 fuisset
1103 1390 1147 1421 ut
1176 1395 1260 1421 me-

137 1447 227 1474 cum
245 1437 401 1486 viveret,
422 1438 492 1477 etsi
511 1452 662 1477 eramus
680 1439 722 1476 in
740 1439 882 1490 magna
901 1452 982 1490 spe,
1003 1447 1042 1477 te
1059 1437 1155 1476 meis
1174 1437 1261 1475 lite-

134 1488 186 1527 ris
215 1492 620 1545 commendationeque
652 1493 940 1544 diligentissime
977 1493 1186 1539 facturum,
1218 1490 1262 1528 id

134 1545 240 1595 quod
251 1545 386 1594 fecisti,
402 1554 447 1585 ut
462 1548 544 1596 ejus
570 1560 653 1586 rem
669 1555 706 1586 et
718 1548 890 1586 fortunas
905 1547 1070 1585 absentis
1085 1554 1231 1584 tuerere
1245 1558 1259 1591 ;

133 1603 279 1648 tamen,
293 1600 398 1651 quod
411 1601 452 1638 in
471 1601 586 1639 unius
605 1608 791 1653 potestate
810 1609 917 1639 erant
935 1601 1078 1649 omnia,
1100 1607 1138 1637 et
1156 1599 1262 1651 quod

134 1650 240 1703 Lyso
252 1653 377 1691 fuerat
389 1655 432 1692 in
450 1655 581 1693 nostra
595 1657 709 1694 causa
723 1656 938 1707 nostrisque
951 1653 1150 1706 praesidiis,
1164 1665 1264 1705 quo-

133 1705 226 1745 tidie
240 1707 388 1759 aliquid
398 1709 642 1747 timebamus.
672 1709 868 1748 Effectum
882 1717 1011 1747 tamen
1026 1715 1082 1747 est
1093 1714 1130 1745 et
1140 1707 1261 1759 ipsius

132 1760 347 1811 splendore,
367 1769 405 1800 et
423 1770 552 1801 nostro
570 1763 886 1815 reliquorumque
899 1763 1097 1814 hospitum
1117 1761 1258 1809 studio,

133 1820 179 1851 ut
200 1815 345 1863 omnia,
372 1829 460 1867 quae
482 1818 682 1866 vellemus,
707 1830 730 1855 a
758 1817 908 1856 Caesare
931 1817 1256 1868 impetrarentur:

134 1869 239 1919 quod
256 1869 446 1921 intelliges
467 1883 515 1909 ex
536 1871 583 1909 iis
602 1871 734 1919 literis,
756 1884 851 1922 quas
871 1871 1000 1909 Caesar
1018 1869 1067 1908 ad
1085 1877 1122 1907 te
1141 1869 1259 1907 dedit.

187 1923 307 1961 Nunc
335 1936 414 1962 non
441 1925 557 1963 modo
581 1937 660 1963 non
685 1924 917 1963 remittimus
940 1924 1011 1963 tibi
1039 1923 1186 1974 aliquid
1209 1935 1259 1961 ex

131 1977 261 2015 nostra
279 1979 623 2027 commendatione,
641 1979 752 2030 quasi
771 1978 899 2029 adepti
910 1980 993 2028 jam
1005 1978 1160 2023 omnia3
1191 1976 1258 2015 sed

133 2043 178 2068 eo
208 2031 470 2071 vehementius
500 2046 523 2071 a
545 2042 583 2071 te
608 2032 891 2080 contendimus,
921 2042 965 2070 ut
993 2032 1190 2083 Lysonem
1215 2031 1257 2068 in

132 2084 249 2123 fidem
278 2086 674 2138 necessitudinemque
702 2093 811 2124 tuam
833 2087 1018 2138 recipias:
1050 2086 1160 2135 cujus
1183 2084 1257 2122 du-

130 2138 197 2177 bia
214 2139 385 2188 fortuna,
405 2141 578 2179 timidius
601 2150 728 2179 tecum
751 2142 974 2192 agebamus,
1001 2146 1186 2187 verentes,
1205 2151 1255 2177 ne

129 2192 225 2245 quid
254 2194 437 2234 accideret
467 2194 669 2244 ejusmodi,
701 2202 746 2232 ut
780 2207 829 2233 ne
859 2202 901 2233 tu
931 2194 1090 2247 quidem
1111 2193 1256 2232 mederi
