1513 2382
224 64 249 97 (3
403 61 485 99 AD
516 61 808 115 DIVERSOS.
840 60 938 99 Lm.
961 57 1084 97 XIII.
1116 59 1152 94 5.

228 168 458 214 existiment,
487 181 575 206 eum
606 168 715 219 quasi
746 167 874 206 divino
906 165 1060 205 consilio
1092 163 1156 202 isti
1182 161 1334 214 negotio

227 222 473 273 praepositum
491 234 583 269 8558,
603 221 706 272 apud
724 233 839 272 quem
858 232 981 258 unum
999 231 1081 266 nos,
1101 228 1234 255 eorum
1249 227 1335 266 per-

228 275 335 327 petui
352 274 576 320 defensores,
595 275 807 326 plurimum
826 273 949 312 valere
965 283 1174 324 possemne.
1202 269 1317 308 Vale.

244 435 332 486 (5.)
371 435 434 474 M
451 436 501 474 Τ.
518 436 562 474 c.
593 436 644 482 Q
671 433 947 482 VALERIO,
985 433 1036 480 Q.
1061 432 1107 470 F.
1137 428 1321 505 ORCAE,

450 488 577 527 LEG.
609 487 906 527 PROPRAEI'.
935 462 975 527 ’5.
997 487 1043 524 Ρ.
1063 484 1116 523 D.

283 596 606 645 (Argumentum.
621 595 728 633 -N
730 608 750 633 e
780 607 869 646 ager
902 593 948 633 C.
978 593 1102 633 Curtii
1131 592 1336 639 dividatur,

229 649 439 689 rationibus
459 656 496 687 et
513 648 746 700 argumentis
764 655 902 698 rogat.)

282 756 374 794 Non
394 756 550 794 moleste
569 755 661 801 fero,
689 767 774 793 eam
792 740 1118 801 necessitudinem,
1138 766 1225 805 quae
1242 753 1341 793 mihi

227 817 354 848 tecum
373 816 441 857 est,
462 816 591 846 notam
610 821 688 846 esse
706 821 823 858 quam
842 807 1042 858 plurimis.
1071 819 1196 858 neque
1213 815 1342 847 tamen

227 864 277 901 ob
307 875 391 900 eam
421 874 573 900 causam
597 861 717 913 (quod
741 869 783 899 tu
809 860 952 912 optime
974 860 1190 899 existimare
1217 868 1340 912 potes)

227 924 265 954 te
283 915 463 966 impedio
484 914 689 966 quominus
707 922 925 966 susceptum
944 913 1155 965 negotium,
1185 926 1255 965 pro
1272 915 1341 953 tua

229 969 304 1007 fide
329 976 365 1006 et
383 967 592 1018 diligentia,
613 981 660 1006 ex
678 969 872 1006 voluntate
890 967 1062 1014 caesaris,
1085 967 1154 1019 qui
1171 967 1243 1006 tibi
1259 981 1341 1006 rem

230 1034 412 1072 magnam
426 1021 694 1072 difficilemque
708 1021 910 1069 commisit,
925 1034 1052 1071 gerere
1062 1020 1193 1071 possis.
1216 1021 1338 1070 Nam,

230 1089 319 1114 cum
338 1075 452 1112 multi
471 1088 494 1112 a
511 1088 575 1113 me
593 1082 724 1126 petant
737 1076 876 1122 multa,
890 1073 993 1125 quod
1007 1073 1055 1112 de
1072 1073 1141 1112 tua
1169 1087 1259 1126 erga
1274 1087 1340 1113 me

230 1129 424 1167 voluntate
435 1141 512 1166 non
524 1128 722 1175 dubitent;
752 1140 829 1166 non
851 1127 1060 1176 committo,
1075 1134 1120 1165 ut
1133 1128 1341 1167 ambitione

229 1182 318 1221 mea
336 1183 557 1220 conturbem
575 1181 742 1220 officium
760 1189 885 1220 tuum.

283 1235 328 1274 C.
360 1235 493 1272 Curtio
525 1237 572 1273 ab
605 1235 759 1274 ineunte
790 1242 899 1273 aetate
930 1234 1222 1273 familiarissime
1252 1247 1339 1274 sum

229 1301 333 1328 115115.
363 1288 460 1337 Ejus
480 1296 517 1326 et
535 1288 685 1327 Sullani
709 1288 888 1340 temporis
912 1288 1163 1349 injustissima
1186 1288 1341 1327 calami-

228 1350 305 1380 tate
322 1341 455 1388 dolui;
486 1349 536 1389 et,
557 1355 646 1380 cum
663 1342 710 1380 iis
728 1343 796 1394 qui
809 1341 1001 1380 51111118111
990 1341 1172 1391 mjuriam
1189 1355 1341 1402 accepe-

228 1404 329 1442 rant,
349 1395 495 1433 amissis
513 1396 691 1434 omnibus
709 1395 885 1442 fortunis,
900 1395 1042 1434 reditus
1061 1403 1189 1433 tamen
1212 1395 1253 1433 in
1270 1409 1341 1446 pa-

229 1449 343 1487 triam
376 1448 570 1487 voluntate
606 1449 781 1487 omnium
809 1448 961 1487 concedi
997 1448 1199 1497 videretur,
1225 1449 1339 1498 adju-

228 1509 288 1542 tor
309 1502 579 1541 incolumitatis
603 1502 673 1540 fui.
709 1502 750 1541 Is
776 1502 892 1541 habet
915 1502 956 1540 in
975 1501 1225 1540 Volaterrano
1252 1515 1340 1554 pos-

230 1556 447 1603 sessionem,
478 1569 567 1594 cum
589 1556 629 1594 in
655 1569 740 1594 eam
758 1563 957 1608 tamquam
975 1568 999 1593 a
1026 1555 1225 1606 naufragio
1252 1557 1340 1594 reli-

229 1609 339 1660 quias
351 1609 578 1647 contulisset.
610 1610 697 1648 Hoc
715 1618 845 1648 autem
863 1617 1032 1660 tempore
1049 1621 1138 1646 eum
1157 1609 1284 1648 Caesar
1299 1609 1341 1648 in

228 1670 403 1701 senatum
420 1663 535 1713 legit:
567 1676 683 1715 quem
710 1663 882 1701 ordinem
908 1663 989 1710 ine,
1014 1661 1088 1700 ista
1111 1663 1340 1713 possessione

228 1715 380 1764 amissa,
395 1716 494 1754 tueri
504 1716 566 1754 vix
580 1724 712 1768 potest.
740 1716 1019 1754 Gravissimum
1029 1722 1158 1754 autem
1169 1722 1239 1764 est,
1250 1729 1339 1754 cum

229 1771 398 1820 superior
427 1769 548 1808 factus
577 1771 625 1808 sit
646 1770 790 1817 ordine,
816 1769 1033 1808 inferiorem
1058 1782 1138 1808 esse
1159 1769 1337 1808 fortuna.
1326 1784 1337 1793 ·

230 1822 466 1874 minimeque
479 1823 664 1884 convenit,
681 1836 728 1862 ex
741 1836 783 1861 eo
794 1836 898 1874 erro,
912 1822 979 1874 qui
993 1822 1175 1862 Caesaris
1159 1835 1269 1872 Jussu
1282 1823 1341 1861 di-

228 1876 392 1923 vidatur,
409 1889 498 1914 eum
508 1889 597 1914 mov
599 1877 665 1924 eri,
681 1890 749 1928 qul
737 1877 914 1915 Caesaris
926 1876 1106 1915 beneficio
1118 1884 1266 1915 senator
1277 1877 1338 1915 sit.

281 1929 358 1969 Sed
374 1930 472 1967 mihi
493 1929 621 1968 minus
645 1930 739 1968 libet
764 1931 888 1968 multa
912 1930 959 1968 de
984 1929 1161 1981 aequitate
1179 1930 1233 1968 rei
1251 1930 1340 1969 scri-

228 1985 329 2031 bere,
349 1995 397 2021 ne
416 1996 527 2021 causa
543 1984 668 2034 potius
690 1984 793 2035 apud
813 1991 850 2022 te
874 1983 1036 2022 valuisse
1054 1983 1196 2031 videar,
1221 1996 1340 2035 quam

225 2037 358 2086 gratia.
388 2036 651 2084 Quamobrem
671 2045 708 2075 18
726 2038 766 2075 111
785 2038 971 2087 majorem
989 2037 1150 2075 modum
1168 2049 1276 2088 rogo,
1297 2044 1343 2075 ut

227 2090 272 2128 C.
301 2089 424 2129 Curtii
458 2103 552 2139 rem,
585 2104 711 2129 meam
746 2099 857 2142 putes
889 2104 967 2131 esse
983 2105 993 2129 ι
1032 2090 1222 2142 (1111(1(1111(1
1251 2091 1338 2130 11ιώ
