1513 2382
289 47 371 86 AD
400 46 680 85 ATTICUM.
709 47 810 85 Lm.
838 47 889 85 V.
924 47 984 84 11.
1115 45 1194 88 279

85 164 149 191 me
179 152 340 192 Athenae
363 154 628 199 delectat-unu
663 155 754 192 urbs
786 154 988 201 duntaxat,
1020 159 1057 190 et
1091 150 1197 189 urbis

85 214 366 255 ornamentum,
390 215 427 246 et
451 208 654 246 hominum
683 220 830 245 amores
854 207 894 244 in
917 213 967 254 te,
998 214 1035 244 et
1064 206 1105 243 in
1127 217 1199 242 nos

84 260 262 310 quaedam
280 262 568 307 benevolentia3
599 261 665 299 sed
682 261 852 299 multum
873 268 909 298 et
927 257 1168 310 philosophia
1184 271 1195 295 ε

88 329 159 349 ανω
193 329 294 351 κατω
323 314 356 352 si
385 315 480 366 quid
512 323 582 363 est,
617 322 672 353 est
695 315 735 352 in
766 315 910 360 Aristo,
941 313 1045 364 apud
1082 323 1198 362 quem

85 379 217 404 eram:
247 379 339 405 nam
367 367 572 406 Xenonem
602 375 730 415 tuum,
761 368 822 406 vel
853 373 1027 405 nostrum
1058 365 1199 417 potius,

85 419 235 466 Quinto
254 433 533 468 concesseram3
563 430 600 460 et
618 430 761 468 tamen,
782 428 936 472 propter
955 419 1200 465 vicinitatem,

79 480 185 511 totos
203 473 283 511 dies
301 474 419 512 simul
438 488 589 514 eramus
607 475 782 513 invicem.
814 474 918 514 Cum
944 473 1116 525 primum
1133 484 1202 522 po-

85 526 188 574 teris,
221 534 289 565 tua
316 529 472 567 consilia
497 529 547 567 ad
578 541 641 567 me
673 529 841 574 scribas3
871 535 915 565 ut
944 527 1075 573 seiam,
1108 524 1203 575 quid

83 592 188 630 agaS,
219 581 287 619 ubi
305 595 474 634 quoque,
502 590 539 621 et
557 583 727 620 maxime
752 582 906 633 quando
925 581 1064 619 Romae
1093 579 1201 616 futu-

83 645 149 672 rus
164 647 225 673 Sis.

306 795 422 848 (11.)
450 796 662 836 CICERO
693 795 910 834 ATTICO
939 795 978 834 S.

137 900 248 939 Hui!
280 903 439 942 totiesne
453 915 515 941 me
533 903 660 942 literas
679 903 825 942 dedisse
843 904 1028 949 Romam,
1048 913 1136 940 cum
1151 901 1202 940 ad

84 961 121 992 te
152 955 279 993 nullas
307 956 466 994 darem?
506 957 564 995 At
599 971 687 996 vero
718 957 875 1009 posthac
905 956 1046 994 frustra
1073 955 1201 1007 potius

80 1007 194 1056 dabo,
216 1022 349 1060 quam,
370 1010 402 1048 si
425 1017 524 1048 recte
546 1011 628 1048 dari
653 1011 859 1062 potuerint,
888 1009 1127 1048 committam
1155 1015 1201 1046 ut

82 1073 160 1099 non
179 1061 279 1100 dem.
309 1064 374 1102 Ne
391 1064 584 1115 provincia
608 1065 717 1102 nobis
745 1071 982 1116 prorogetur,
1012 1065 1097 1114 (per
1123 1062 1201 1100 for-

81 1122 194 1153 tunas
212 1116 243 1162 Ξ)
271 1116 366 1155 dum
392 1117 495 1165 ades,
526 1117 716 1169 quidquid
736 1117 927 1169 provideri
951 1124 1090 1168 potest,
1109 1129 1199 1167 pro-

76 1168 180 1206 vide.
209 1169 302 1208 Non
321 1170 396 1209 dici
405 1178 543 1222 potest,
561 1184 679 1222 quam
691 1171 849 1222 flagrem
861 1170 1044 1209 desiderio
1062 1170 1197 1217 Urbis,

80 1235 200 1273 quam
217 1223 284 1261 vix
300 1224 439 1262 harum
459 1238 587 1263 rerum
605 1225 858 1263 insulsitatem
876 1224 1009 1262 feram.

134 1275 344 1316 Marcellus
372 1278 470 1316 foede
499 1278 546 1316 de
575 1277 780 1318 Comensi:
811 1277 881 1316 etsi
909 1278 974 1315 ille
998 1277 1200 1328 magistra-

75 1335 166 1367 tum
195 1342 273 1368 non
301 1339 492 1382 gesserat3
523 1341 603 1371 erat
632 1340 761 1371 tamen
795 1331 1108 1382 Transpadanus.
1138 1329 1201 1368 Ita

76 1383 177 1421 mihi
195 1382 344 1423 videtur
368 1398 446 1423 non
464 1386 594 1424 minus
623 1385 808 1425 stomachi
833 1393 962 1423 nostro
989 1397 1033 1422 ac
1060 1384 1204 1422 Caesari

77 1436 208 1475 fecisse
225 1452 235 1475 :
266 1438 332 1476 sed
350 1439 422 1478 hoc
435 1439 516 1491 ipse
535 1440 681 1478 viderit.
710 1439 920 1491 Pompeius
937 1438 1034 1476 mihi
1046 1450 1201 1489 quoque

79 1489 280 1533 videbatur
308 1492 431 1543 (quod
448 1493 578 1532 scribis
602 1494 817 1532 Varronem
835 1493 974 1540 dicere)
993 1492 1035 1529 in
1055 1492 1200 1542 Hispa-

74 1543 185 1584 niam
215 1552 313 1582 certe
336 1547 471 1584 iturus.
502 1546 551 1585 Id
573 1560 643 1598 ego
672 1547 832 1585 minime
861 1547 1100 1597 probabam3
1131 1545 1200 1595 qui

77 1597 235 1648 quidem
256 1599 486 1650 Theophani
499 1600 610 1639 facile
627 1600 811 1652 persuasi,
827 1600 926 1637 nihil
944 1612 1023 1637 esse
1046 1598 1199 1645 melius,

78 1663 197 1701 quam
228 1663 420 1703 nusquam
449 1654 562 1692 illum
590 1654 790 1692 discedere.
819 1654 927 1704 Ergo
958 1653 1116 1690 Graecus
1140 1651 1199 1689 in-

78 1706 244 1743 cumbet.
288 1706 322 1744 V
329 1706 404 1745 alet
433 1715 563 1746 autem
592 1708 793 1746 auctoritas
830 1708 912 1757 ejus
945 1706 1049 1757 apud
1084 1706 1199 1743 illum

77 1758 304 1808 plurimum.
334 1760 421 1811 Ego
432 1761 516 1808 has,
542 1761 666 1812 pridie
686 1762 820 1799 Nonas
845 1760 1056 1808 Quintiles,
1084 1759 1201 1810 profi-

77 1812 216 1851 ciscens
235 1813 410 1862 Athenis,
430 1814 542 1860 dedi;
573 1828 661 1853 cum
685 1815 739 1852 ibi
769 1815 899 1852 decem
918 1813 1019 1864 ipsos
1037 1813 1196 1850 fuissem

74 1864 169 1904 dies.
214 1867 381 1905 Venerat
411 1869 642 1906 Pomtinus:
673 1870 752 1906 una
780 1867 855 1907 Cn.
888 1867 1098 1905 Volusius:
1129 1866 1204 1917 ad-⁴

76 1926 157 1957 erat
188 1928 375 1971 quaestor:
406 1930 496 1960 tuus
525 1935 626 1960 unus
657 1922 814 1960 Tullius
839 1923 980 1959 aberat.
1011 1928 1193 1969 Λφρακτα

78 1972 336 2024 Rhodiorum,
351 1982 389 2013 et
407 1975 551 2014 dicrota
563 1976 894 2026 Mitylenaeorum,
909 1974 1097 2012 habebam
1115 1987 1128 2018 ;
1158 1979 1197 2010 et

73 2026 222 2077 aliquid
238 2026 376 2076 [emxov
394 2029 480 2080 δει.]
511 2029 575 2068 De
589 2029 742 2068 Parthis
758 2037 838 2068 erat
849 2028 1057 2068 silentium.
1077 2026 1195 2074 Quod

73 2090 256 2130 superest,
279 2081 347 2119 Dii
362 2083 508 2131 juvent.
