1513 2382
353 100 435 138 AD
463 84 748 141 A'r‘rmuml
778 98 956 137 LlB.11.
982 99 1013 135 1.
1138 97 1210 141 177

112 216 237 246 tamen
244 207 308 246 ille
316 208 554 247 acerbissima
568 209 606 246 in
620 208 803 259 collegam
815 208 1067 258 proponebat:
1082 205 1217 256 hisque

111 262 262 299 comitia
274 262 314 299 in
329 274 496 301 mensem
517 262 722 300 Octobrem
741 260 899 299 distulit.
929 259 1081 297 Perlat⁴2³⁴
1099 259 1217 309 igitur

108 314 204 365 lege,
224 315 306 353 XX
325 316 446 354 millia
469 316 684 363 hominum,
710 315 778 365 qui
796 322 869 352 tres
887 314 1062 364 pluresve
1078 312 1198 350 libero

111 369 306 416 haberent,
322 369 361 406 in
376 382 556 420 campum
570 369 781 415 Stellatem,
800 366 1008 416 majoribus
1027 378 1218 404 consecra-

111 428 195 459 tum
215 425 275 465 (ut
293 422 544 474 Tranquillus
562 421 648 472 ait),
667 422 708 459 in
726 433 938 472 agrumque
957 419 1201 470 Campanum

110 475 160 512 ad
178 476 345 514 subsidia
366 477 477 526 Reip.
496 476 718 527 vectigalem
736 475 923 521 relictum,
943 473 1107 510 induxit.
1138 473 1217 510 Pu-

111 529 291 577 blicanos,
320 543 343 567 a
363 528 509 569 Catone
540 536 708 576 vexatos,
741 527 999 566 remissionem
1035 534 1218 578 petentes,

112 583 222 620 tertia
240 583 457 621 mercedum
475 591 581 634 parte
605 582 795 621 relevavit.
825 581 892 629 Et,
912 588 957 618 ut
974 580 1014 618 in
1033 580 1219 631 quosdam

111 635 266 674 diversae
283 637 454 675 factionis
473 637 571 675 cives
589 636 717 674 saevire
731 643 870 687 posset,
890 634 1066 674 Vettium
1086 646 1221 684 quem-

113 689 203 727 dam
228 690 394 741 praemiis
412 690 584 737 adduxit,
606 690 673 741 qui
692 702 730 728 se
755 691 803 727 ab
830 689 921 735 illis,
952 687 999 726 de
1023 686 1220 725 inferenda

116 742 188 780 Cn.
210 744 393 794 Pompeio
410 756 514 791 nece,
531 743 772 781 sollicitatum
789 743 927 780 diceret
940 748 962 787 ;“
981 740 1155 793 quamvis
1173 740 1223 778 ir-

116 796 189 834 rito
225 806 376 843 conatu,
406 805 603 848 propterea
637 796 740 848 quod
762 808 885 834 unum
917 802 1031 847 atque
1061 795 1224 832 alterum

116 849 269 898 frustra,
301 863 369 888 nec
405 850 486 888 sine
521 850 730 902 suspicione
765 849 923 896 fraudis,
959 847 1222 886 nominaverit.

117 903 261 950 Quare,
277 911 356 941 tam
371 904 572 955 praecipitis
584 903 728 942 consilii
747 910 924 942 eventum
939 902 1153 953 desperans,
1165 900 1224 938 in-

117 957 313 1008 tercepisse
332 970 474 996 veneno
493 957 652 995 indicem
680 957 840 995 creditus
869 963 935 994 est.
976 955 1072 993 Haec
1089 954 1166 992 fere
1184 953 1224 991 in

117 1009 189 1049 hoc
207 1010 370 1049 secundo
394 1011 491 1049 libro
509 1011 761 1059 continentur,
790 1010 839 1049 ad
867 1023 985 1060 remp.
1006 1007 1223 1060 spectantia.

120 1064 209 1102 Alia
226 1064 371 1116 privata
389 1071 489 1102 sunt.

330 1171 417 1221 (l.)
447 1171 658 1211 CICERO
686 1171 905 1212 ATTICO
933 1173 974 1210 S.

171 1277 349 1316 Calendis
363 1279 507 1327 Juniis,
528 1280 633 1318 eunti
644 1280 740 1318 mihi
753 1280 936 1328 Antium,
951 1288 988 1320 et
1001 1280 1226 1332 gladiatores

118 1331 180 1369 M.
202 1332 352 1370 Metelli
381 1333 517 1384 cupide
545 1334 789 1386 relinquenti,
821 1334 924 1373 venit
953 1334 1105 1373 obviam
1136 1342 1226 1373 tuus

117 1397 226 1436 puer.
269 1386 310 1423 Is
329 1386 425 1423 mihi
442 1387 567 1426 literas
592 1390 659 1426 abs
677 1396 728 1437 te,
749 1396 786 1426 et
804 1388 1120 1426 commentarium
1139 1399 1228 1426 con-

118 1439 262 1477 sulatfis
280 1440 357 1478 mei
385 1440 517 1479 Graece
535 1441 732 1493 scriptum,
753 1442 928 1480 reddidit.
958 1443 1007 1480 In
1027 1454 1104 1494 quo
1121 1441 1227 1479 laeta-

119 1499 182 1529 tus
200 1505 299 1541 sum,
319 1493 515 1545 aliquanto
533 1502 632 1542 ante,
646 1495 692 1533 de
709 1496 844 1534 iisdem
862 1497 974 1534 rebus
993 1495 1124 1534 Graece
1135 1495 1228 1533 item

119 1544 302 1596 scriptum
326 1547 469 1585 librum
487 1548 536 1585 L.
558 1547 730 1587 Cossinio
749 1549 798 1587 ad
815 1557 853 1588 te
870 1547 1137 1601 perferendum
1163 1548 1230 1586 de-

121 1598 231 1637 disse.
260 1599 301 1637 N
303 1613 381 1650 am,
395 1601 426 1639 si
444 1614 513 1652 ego
531 1609 643 1640 tuum
662 1610 749 1641 ante
765 1603 956 1654 legissem,
976 1602 1146 1640 furatum
1166 1613 1230 1639 me

122 1653 190 1690 abs
215 1660 253 1690 te
270 1665 361 1701 esse,
391 1654 553 1693 diceres:
582 1669 818 1708 quamquam
847 1666 914 1694 tua
931 1656 998 1693 illa
1017 1655 1109 1706 (legi
1127 1654 1230 1693 enim

123 1705 298 1753 libenter)
323 1707 518 1746 horridula
548 1710 644 1747 mihi
673 1718 788 1762 atque
819 1710 984 1748 incomta
1004 1709 1085 1747 visa
1113 1715 1201 1747 sunt
1216 1722 1228 1745 ε

123 1759 188 1796 sed
218 1769 345 1798 tamen
365 1769 471 1799 erant
497 1771 628 1801 ornata
653 1763 725 1802 hoc
753 1764 850 1815 ipso,
877 1762 980 1814 quod
1008 1769 1231 1800 ornamenta

124 1813 391 1863 neglexerant;
422 1822 473 1862 et,
492 1823 537 1854 ut
553 1817 744 1866 mulieres,
767 1818 851 1855 ideo
878 1819 974 1855 bene
998 1815 1112 1864 olere,
1141 1815 1232 1867 quia

125 1865 220 1903 nihil
239 1867 404 1915 olebant,
425 1868 662 1908 videbantur.

178 1919 295 1958 Meus
312 1928 441 1959 autem
457 1922 553 1961 liber
570 1931 694 1962 totum
715 1924 871 1963 Isocrati
883 1927 1105 1975 μυροθηκιον,
1118 1930 1233 1975 atque

124 1985 255 2012 omnes
283 1975 365 2023 ejus
384 1975 654 2026 discipulorum
680 1978 839 2027 arculas,
858 1991 902 2016 ac
918 1977 1094 2016 nonnihil
1118 1977 1233 2015 etiam

123 2026 344 2065 Aristotelia
361 2029 570 2080 pigmenta,
586 2031 815 2070 consumsit:
845 2044 960 2083 quem
980 2038 1022 2069 tu
1042 2031 1231 2082 Corcyrae,

123 2087 168 2116 ut
185 2080 282 2119 mihi
299 2081 381 2120 aliis
399 2082 515 2120 literis
540 2083 740 2135 significas,
761 2085 918 2123 strictim
944 2084 1122 2136 attigisti;
1148 2092 1234 2136 post

129 2140 272 2183 autem,
293 2141 338 2172 ut
355 2135 527 2185 arbitror,
556 2150 579 2175 a
605 2136 774 2177 Cossinio
796 2138 999 2190 accepisti3
1029 2150 1145 2189 quem
1163 2139 1233 2176 tibi

128 2197 199 2235 ego
212 2199 288 2225 non
307 2200 426 2228 essem
441 2201 556 2229 ausus
573 2190 736 2241 mittere,
755 2192 828 2231 nisi
845 2204 935 2231 eum
952 2192 1052 2230 lente
1070 2203 1113 2230 ac
1131 2191 1237 2230 fasti-
