1533 2423
258 129 284 166 2
429 98 512 166 An
542 125 1123 167 DIVERsos.Ln³.X111.
1157 127 1193 164 1.

254 237 367 287 gabo,
387 248 437 274 ne
454 235 548 286 qui’d
562 235 703 274 invitus
714 234 802 274 mea
814 235 928 275 causa
939 234 1078 273 facias·
1109 233 1176 272 sed
1193 232 1248 282 id,
1268 231 1373 285 quod

254 290 343 328 mea
370 290 558 341 intelliges
584 290 768 336 111111111111,
790 290 858 328 tua
882 289 1030 327 nullam
1055 289 1096 326 in
1120 295 1283 339 partem,
1311 287 1373 325 in-

253 351 404 391 teresse,
434 343 488 382 ita
516 343 614 381 mihi
638 344 716 392 des,
748 343 779 381 si
805 343 888 392 tibi,
914 351 958 381 ut
986 343 1027 381 id
1055 343 1216 381 libenter
1240 341 1370 390 facias,

254 405 342 436 ante
360 397 600 450 persuaseris.

307 452 409 490 Cum
443 452 609 489 Patrone
641 450 832 503 Epicureo
863 450 961 489 mihi
993 450 1123 489 omnia
1151 458 1267 496 sunt;
1296 448 1372 487 nisi

252 506 356 557 quod
374 506 414 543 in
433 504 673 557 philosophia
691 505 932 544 vehementer
953 506 1002 543 ab
1017 518 1061 543 eo
1075 504 1265 543 dissentio.
1294 503 1371 542 Sed

250 568 287 598 et
317 560 424 597 initio
456 560 608 606 Romae,
636 572 725 597 cum
750 567 788 597 te
810 572 963 621 quoque
985 566 1023 597 et
1046 566 1133 596 tuos
1152 571 1283 596 omnes
1301 558 1372 595 ob-

249 615 436 660 servabat,
466 626 529 651 me
556 613 672 651 coluit
700 613 741 650 in
770 613 926 664 primis:
958 620 996 650 et
1023 625 1160 664 nuper,
1187 624 1276 649 cum
1309 624 1368 659 ea,

249 681 337 719 quae
361 667 495 715 voluit,
517 666 564 705 de
589 666 667 704 suis
695 667 904 705 commodis
927 673 964 705 et
985 666 1163 718 praemiiS,
1190 678 1369 704 consecu-

246 728 309 759 tus
329 729 398 768 031,
419 734 482 759 1110
499 720 635 758 habuit
661 733 819 758 suorum
838 720 1078 759 defensorum
1099 727 1137 758 et
1155 719 1367 758 amicorum

246 775 325 813 fere
343 775 586 836 principem.
619 774 734 812 etiam
766 788 789 812 a
820 773 984 812 Phaedro
1009 773 1099 825 (qui
1122 773 1245 821 nobis,
1275 785 1366 811 cum

243 828 355 880 pueri
391 841 573 875 essemus,
615 835 823 879 antequam
860 828 1065 866 Philonem
1102 826 1363 888 cognovimus,

243 883 369 930 valde,
389 891 433 920 ut
450 882 712 933 philosophus,
729 889 860 932 postea
878 889 1021 928 tamen,
1040 880 1154 919 utvir
1171 882 1309 928 bonus,
1329 888 1368 919 et

246 937 386 982 suavis,
406 944 443 974 et
461 936 663 984 officiosus,
687 937 937 988 probabatur)
956 935 1117 974 traditus
1145 934 1242 973 mihi
1260 947 1365 973 com-

242 990 523 1041 mendatusque
542 998 608 1028 est.

299 1045 340 1083 Is
359 1044 476 1095 igitur
495 1044 613 1082 Patro
632 1056 721 1082 cum
741 1043 790 1082 ad
814 1056 878 1082 me
896 1044 1066 1082 Romam
1084 1043 1213 1081 literas
1237 1043 1364 1082 misis-

243 1105 312 1146 set,
337 1098 392 1136 uti
409 1106 447 1136 te
466 1097 538 1136 sibi
556 1099 760 1149 placarem,
780 1105 1039 1149 peteremque,
1059 1104 1104 1135 ut
1121 1097 1248 1136 nescio
1267 1097 1362 1148 quid

240 1152 340 1190 illud
371 1152 533 1203 Epicuri
561 1151 834 1203 parietinarum
864 1151 936 1189 sibi
975 1151 1220 1196 concederes;
1263 1151 1362 1190 nihil

241 1206 372 1257 scripsi
403 1206 452 1244 ad
484 1213 522 1243 te
552 1207 601 1244 ob
634 1218 721 1243 eam
739 1218 836 1253 rem,
868 1205 972 1257 quod
1004 1204 1260 1243 aedificationis
1282 1212 1361 1244 tuae

240 1259 440 1298 consilium
473 1272 561 1298 mea
597 1259 924 1297 commendatione
956 1258 1135 1297 nolebam
1166 1258 1357 1310 impediri.

240 1313 367 1361 Idem,
388 1322 432 1352 ut
451 1313 537 1351 veni
557 1313 744 1361 Athenas,
766 1325 869 1360 cum,
889 1313 993 1351 idem
1012 1320 1057 1350 ut
1082 1313 1131 1351 ad
1156 1320 1194 1351 te
1219 1312 1360 1351 scribe-

235 1380 331 1415 rem,
351 1368 545 1418 rogasset,
576 1369 624 1405 ob
651 1380 735 1404 eam
756 1379 907 1405 causam
937 1366 1169 1417 impetravit,
1197 1367 1301 1418 quod
1320 1374 1359 1406 te

234 1421 412 1470 abjecisse
430 1422 538 1459 illam
565 1420 852 1459 :edificationem
881 1422 1077 1459 constabat
1102 1420 1201 1458 inter
1223 1433 1356 1460 01111103

232 1475 372 1513 amicos
398 1483 494 1513 tuos.
537 1474 654 1523 Quod
685 1475 716 1513 si
748 1475 803 1512 ita
827 1481 896 1522 est,
924 1482 960 1512 et
990 1475 1022 1512 si
1045 1475 1128 1524 jam
1150 1475 1265 1526 plane
1288 1475 1356 1514 tua

230 1528 328 1566 nihil
353 1530 520 1576 interest,
545 1529 674 1574 velim,
707 1528 738 1566 si
767 1542 844 1579 qua
875 1528 1151 1567 offensiuncula
1173 1528 1273 1567 facta
1298 1536 1355 1568 est

231 1582 352 1619 animi
382 1583 453 1630 tui,
487 1583 728 1634 perversitate
753 1582 972 1633 aliquorum
1001 1582 1107 1625 (novi
1131 1582 1235 1620 enim
1260 1595 1354 1634 gen-

230 1642 310 1673 tem
340 1637 481 1683 illam),
515 1637 580 1675 des
605 1644 642 1674 te
672 1636 720 1674 ad
745 1637 956 1683 lenitatem,
977 1636 1037 1674 vel
1059 1644 1213 1687 propter
1242 1643 1352 1676 tuam

227 1701 422 1728 summam
439 1691 736 1752 humanitatem,
750 1691 808 1728 vel
825 1691 940 1729 etiam
953 1690 1109 1728 honoris
1127 1690 1205 1728 mei
1223 1691 1351 1730 causa.

282 1743 492 1795 Equidem,
513 1745 558 1792 si,
585 1744 678 1796 quid
705 1745 786 1796 ipse
811 1744 986 1791 sentiam,
1007 1745 1160 1795 quaeris,
1181 1756 1264 1792 nec,
1284 1758 1354 1784 cui·

225 1795 294 1835 ille
312 1805 507 1849 tantopere
525 1798 741 1845 contendat,
759 1798 881 1844 n'deo,
902 1811 971 1836 nec
990 1811 1056 1836 cur
1071 1806 1114 1836 tu
1133 1811 1348 1849 repugnes·
1335 1828 1349 1846 ,

226 1851 300 1889 nisi
328 1860 460 1890 tamen
487 1853 614 1891 multo
641 1852 771 1890 minus
804 1852 872 1890 tibi
897 1852 1051 1891 concedi
1077 1860 1201 1904 potest
1229 1866 1350 1904 quam

224 1903 298 1953 illi,
328 1905 500 1944 laborare
533 1907 612 1944 sine
642 1919 767 1944 causa.
813 1906 1067 1958 Quamquam
1106 1906 1282 1945 Patronis
1312 1914 1350 1946 et

225 1959 434 1998 orationem
465 1967 503 1997 et
529 1973 682 1998 causam
706 1961 776 1999 tibi
799 1961 994 2022 cognitam
1018 1973 1097 1998 esse
1125 1968 1226 1998 certo
1244 1959 1346 1999 scio·

222 2009 421 2074 honorem,
442 2013 624 2062 officium,
645 2021 957 2053 testamentorum
979 2015 1057 2063 jus,
1077 2014 1239 2065 Epicuri
1257 2027 1348 2054 auc-

223 2066 429 2115 toritatem,
445 2067 599 2105 Phaedri
610 2069 915 2116 obtestationem,
929 2069 1072 2116 sedem,
1089 2068 1344 2117 domicilium,

221 2121 380 2180 vestigia
404 2133 646 2160 summorum
674 2121 891 2169 hominum,
922 2122 995 2160 sibi
1020 2122 1163 2160 tuenda
1182 2134 1263 2160 esse
1285 2122 1345 2160 di-

219 2172 282 2211 cit.
321 2175 465 2214 Totam
489 2175 654 2214 hominis
679 2175 798 2214 vitam
823 2176 1100 2228 rationemque,
1134 2187 1252 2227 quam
1283 2188 1343 2215 se-

214 2227 349 2277 quitur
366 2228 405 2267 in
428 2229 684 2281 philosophia,
705 2229 958 2279 derideamus,
971 2230 1072 2278 licet,
1095 2229 1125 2268 si
1143 2230 1242 2268 hanc
1253 2230 1340 2280 ejus
