1513 2382
297 91 380 130 AD
409 89 708 131 DIVERSOS.
736 91 836 130 Lm.
866 91 986 130 XVI.
1019 93 1080 130 10.
1179 91 1250 129 121

134 206 262 238 tamen
281 199 450 251 Asclapo
477 199 647 239 medicus
665 200 780 252 plane
799 201 1012 245 confirmat,
1032 199 1254 252 propediem

134 262 172 292 te
191 254 379 292 valentem
404 254 497 292 fore.
526 255 644 292 Nunc
674 254 769 306 quid
788 267 857 305 ego
877 262 914 293 te
932 255 1074 303 horter,
1104 262 1147 291 ut
1172 266 1256 291 om-

133 319 222 345 nem
237 307 475 358 diligentiam
486 308 666 346 adhibeas
678 308 726 346 ad
739 308 1078 347 convalescendum
1090 310 1107 346 ?
1122 308 1253 345 Tuam

130 361 389 412 prudentiam,
411 362 718 413 temperantiam,
739 375 909 401 amorem
935 376 1025 414 erga
1045 376 1123 409 me,
1152 361 1253 399 novi.

133 414 220 454 Seio
234 423 271 454 te
285 416 415 453 omnia
432 416 640 464 facturum,
661 423 705 454 ut
723 417 925 455 nobiscum
945 430 1064 468 quam
1083 416 1254 468 primum

132 468 195 507 sis.
225 469 301 508 Sed
319 478 448 507 tamen
459 470 513 508 ita
531 471 661 518 velim,
682 478 727 508 ut
740 483 789 508 ne
807 471 902 522 quid
920 484 1110 522 properes.
1140 471 1255 521 Sym-

130 523 315 574 phoniam
331 523 494 575 Lysonis
508 523 624 563 velim
643 524 812 572 vitasses,
833 537 882 563 ne
900 525 940 562 in
960 532 1137 576 quartam
1160 525 1255 562 heb-

132 577 299 616 domada
316 577 510 616 incideres.
542 578 631 626 Sed,
648 591 736 616 cum
751 579 890 630 pudori
908 586 976 617 tuo
995 578 1166 617 maluisti
1185 580 1254 616 ob-

132 631 255 682 sequi,
276 644 395 684 quam
413 631 637 679 valetudini,
657 633 805 684 reliqua
824 646 926 671 cura.

186 685 304 724 Curio
322 685 425 733 misi,
446 694 490 723 ut
507 686 655 724 medico
673 686 793 724 honos
812 687 1029 734 haberetur,
1052 694 1089 725 et
1103 686 1173 725 tibi
1187 686 1254 724 da-

131 745 203 786 ret,
224 739 328 790 quod
347 752 443 790 opus
463 747 584 777 esset:
615 753 692 786 me,
720 741 782 778 cui
809 741 995 790 jussisset,
1017 749 1254 780 curaturum.

132 792 294 844 Equum
314 800 351 831 et
369 794 523 831 mulum
542 794 741 831 Brundisii
760 794 830 832 tibi
849 795 1001 846 reliqui.

186 847 339 895 Romae,
367 860 510 894 vereor,
537 860 585 884 ne
605 861 652 885 ex
676 848 759 886 Cal.
789 849 881 886 Jan.
911 849 1044 900 magni
1062 849 1254 886 tumultus

132 900 220 939 sint.
250 901 334 939 Nos
353 914 512 952 agemus
531 901 662 939 omnia
680 902 839 940 medice.
883 903 1096 954 Reliquum
1118 910 1186 949 est,
1208 910 1253 940 ut

131 962 169 993 te
187 955 259 993 hoc
276 968 422 1006 rogem,
443 962 480 993 et
499 968 522 993 a
539 962 577 993 te
594 962 739 1006 petam,
760 969 808 994 ne
827 963 967 995 temere
985 957 1152 1008 naviges.
1182 957 1252 994 So·-

130 1009 212 1047 lent
236 1016 363 1047 nautae
382 1009 560 1047 festinare
579 1012 744 1060 quaestsis
766 1010 825 1048 sui
844 1010 969 1049 causa.
1011 1011 1158 1049 Cautus
1188 1011 1251 1054 sis,

131 1063 188 1100 mi
216 1063 322 1101 Tiro.
363 1063 477 1101 Mare
496 1075 683 1113 magnum
709 1071 746 1102 et
770 1064 922 1102 difficile
952 1065 1024 1103 tibi
1053 1072 1179 1103 restat.
1211 1065 1253 1103 Si

131 1117 284 1178 poteris,
315 1129 403 1156 cum
427 1117 642 1162 Mescinio;
673 1125 782 1156 caute
809 1118 841 1156 is
870 1119 966 1156 solet
984 1119 1189 1170 nauigare:
1221 1119 1253 1156 si

132 1171 276 1219 minus,
296 1183 384 1209 cum
396 1171 555 1209 honesto
573 1170 702 1222 aliquo
716 1171 886 1220 homine,
902 1174 1012 1222 cujus
1031 1172 1253 1211 auctoritate

129 1224 384 1263 navicularius
402 1237 491 1263 11101
494 1232 611 1263 eatur.
639 1226 689 1263 In
703 1225 775 1264 hoc
790 1239 945 1264 omnem
961 1227 1199 1278 diligentiam
1219 1227 1251 1264 si

127 1279 359 1325 adhibueris,
375 1286 488 1330 teque
500 1279 609 1317 nobis
621 1279 854 1318 incolumem
873 1281 1104 1331 praestiteris,
1121 1281 1252 1319 omnia

127 1346 152 1371 a
170 1340 208 1371 te
234 1333 395 1371 habebo.
426 1333 560 1371 Etiam
587 1341 703 1385 atque
721 1333 851 1382 etiam,
872 1341 998 1373 noster
1022 1335 1131 1383 Tiro,
1152 1335 1250 1373 vale.

128 1386 299 1435 Medico,
320 1386 452 1436 Curio,
475 1387 636 1439 Lysoni,
666 1387 714 1426 de
739 1395 777 1426 te
795 1388 927 1440 scripsi
945 1389 1247 1441 diligentissime.

127 1440 241 1491 Vale,
256 1441 370 1480 salve.

287 1603 407 1655 (10.)
438 1604 499 1643 Μ.
515 1603 563 1644 Τ.
580 1604 627 1645 C.
656 1605 860 1646 TIRONI
891 1606 931 1645 S.
946 1606 992 1645 P.
1009 1606 1063 1645 D.

180 1711 506 1762 (Argumentum.
521 1740 576 1747 —
589 1714 776 1752 Tironem
806 1714 855 1752 ad
887 1727 926 1752 se
951 1713 1079 1752 venire
1112 1714 1244 1765 cupit3

126 1766 193 1804 sed
208 1766 310 1804 viam
324 1767 447 1814 timet,
463 1780 511 1806 ne
522 1768 732 1806 valetudini
746 1774 890 1807 noceat.
918 1767 1018 1818 Ejus
1030 1781 1185 1820 operam
1204 1768 1245 1805 in

126 1820 261 1859 studiis
274 1820 405 1858 laudat
423 1828 461 1859 et
478 1820 629 1873 exigit.)

177 1928 266 1979 Ego
277 1941 364 1967 vero
383 1929 495 1980 cupio
513 1937 550 1967 te
568 1930 618 1968 ad
642 1943 706 1968 me
724 1931 852 1969 venire
867 1946 877 1968 τ
908 1930 974 1968 sed
992 1930 1093 1968 viam
1113 1930 1242 1969 timeo.

126 1982 359 2020 Gravissime
391 1983 609 2034 aegrotasti:
636 1984 778 2032 inedia,
807 1992 844 2022 et
872 1985 1178 2035 purgationibus,
1208 1993 1245 2023 et

123 2036 162 2075 vi
186 2036 306 2087 ipsius
323 2037 463 2086 morbi,
490 2045 713 2076 consumtus
731 2052 783 2077 es.
821 2039 965 2077 Graves
985 2039 1107 2077 solent
1125 2039 1244 2077 offen-

121 2090 245 2128 siones
259 2103 338 2129 esse
352 2104 399 2129 ex
418 2092 598 2140 gravibus
608 2092 766 2138 morbis,
780 2092 812 2130 si
826 2106 905 2144 qua
915 2092 1029 2145 culpa
1043 2093 1246 2131 commissa

123 2150 191 2182 est.
219 2144 249 2182 J
251 2157 314 2182 am
333 2145 382 2183 ad
400 2144 440 2182 id
458 2145 638 2194 biduum,
658 2146 763 2198 quod
785 2146 930 2185 fueris
920 2159 961 2184 111
983 2147 1061 2194 via,
1089 2147 1214 2185 (111111
1203 2159 1243 2184 111

122 2198 346 2236 Cumanum
370 2198 490 2247 venis,
510 2200 688 2240 accedent
713 2200 893 2240 continuo
911 2201 961 2239 ad
979 2201 1144 2240 reditum
1165 2200 1245 2239 dies

176 2251 346 2304 (Epist.)
367 2263 472 2291 VOL.
494 2264 547 2291 11.
929 2266 964 2292 M
