1513 2382
327 101 399 139 182
534 101 615 139 AD
644 100 926 140 ATTICUM.
957 101 1059 139 Lm.
1093 101 1150 139 ΙΙ.
1180 103 1220 140 3.

318 208 530 259 putabam;
560 220 684 259 neque
702 216 738 246 te
763 209 802 245 in
831 208 1098 247 tocullionibus
1115 208 1302 247 habebam
1321 222 1331 247 ε
1362 207 1426 247 sed

319 261 463 313 scripsi,
485 270 526 300 ut
543 261 673 310 debui,
693 262 903 313 diligenter.

548 424 634 471 (2.)
663 421 874 461 CICERO
902 421 1122 461 ATTICO
1149 423 1190 462 S.

368 529 471 568 Cura
501 531 654 573 (amabo
690 537 745 576 te)
782 529 1005 575 Ciceronem,
1040 536 1225 568 nostrum.
1266 528 1318 567 Ei
1353 541 1422 567 nos

314 585 400 619 Ξειοι
419 582 603 621 videmur.
636 590 862 626 Πελληναιων
890 583 930 620 in
959 583 1136 621 manibus
1153 584 1354 628 tenebamg
1384 590 1420 620 et

314 636 497 680 (hercule)
527 649 713 687 magnum
745 648 922 674 acervum
958 635 1171 675 Dicaearchi
1205 636 1302 674 mihi
1332 643 1421 674 ante

312 689 427 740 pedes
446 698 718 727 exstruxeram.
748 689 786 727 O
799 701 984 740 magnum
1002 689 1196 727 hominem
1211 690 1222 727 l
1251 697 1288 727 et
1302 702 1325 727 a
1342 702 1420 740 quo

312 743 436 780 multo
464 744 575 794 plura
604 742 790 790 didiceris,
817 755 935 793 quam
963 742 1010 780 de
1032 743 1206 782 Procilio.
1239 745 1418 792 ΚορινΞηων

312 804 350 833 et
379 799 560 839 Αὲηναιων
590 803 684 847 puto
712 809 775 833 me
798 796 936 834 Romae
963 795 1114 834 habere.
1142 795 1249 834 Mihi
1276 795 1416 841 credes,

310 849 438 899 leges3
468 849 549 887 haec
567 849 705 894 doceog
734 849 917 886 mirabilis
935 849 992 887 vir
1010 857 1075 887 est.
1103 850 1275 900 Ἠρωὸης,
1293 847 1324 886 si
1347 848 1417 886 ho-

309 914 375 940 mo
401 909 507 950 esset,
536 915 624 940 eum
649 902 774 954 potius
802 902 955 952 legeret,
980 915 1098 953 quam
1122 915 1241 940 unam
1268 901 1417 939 literam

310 955 513 1000 scriberet;
544 956 611 1006 qui
638 969 702 994 me
720 956 877 1007 epistola
905 956 1052 1005 petivit,
1084 955 1133 994 ad
1150 963 1200 1003 te,
1220 961 1265 993 ut
1292 954 1415 1003 video,

309 1009 522 1046 cornminus
541 1010 703 1047 accessit.
733 1008 961 1057 Conjurasse
982 1009 1153 1056 mallem,
1173 1020 1290 1060 quam
1309 1008 1417 1046 resti-

309 1062 397 1099 tisse
426 1063 689 1111 conjurationi,
720 1062 753 1100 si
773 1062 885 1099 illum
903 1062 1001 1099 mihi
1024 1062 1257 1107 audiendum
1283 1062 1416 1112 putas-

308 1127 401 1152 sem.
439 1133 441 1135 ·

361 1168 424 1205 De
448 1168 589 1216 Lollio,
614 1180 728 1206 sanus
756 1180 833 1205 non
859 1180 923 1206 es:
954 1167 1002 1205 de
1030 1167 1163 1216 Vinio,
1182 1167 1309 1206 laudo
1338 1167 1414 1206 Sed

308 1220 404 1258 heus
434 1228 492 1267 tu,
524 1222 659 1272 ecquid
687 1221 791 1259 vides
814 1220 1000 1258 Calendas
1024 1221 1165 1267 venire,
1195 1221 1414 1259 Antonium

309 1286 385 1311 non
414 1274 573 1313 venire?
600 1274 745 1323 judices
763 1274 876 1324 cogi?
903 1286 994 1311 nam
1011 1273 1064 1312 ita
1083 1274 1132 1311 ad
1160 1287 1223 1312 me
1240 1274 1413 1321 mittunt,

307 1327 513 1377 Nigidium
541 1327 680 1364 minari
704 1328 744 1364 in
774 1327 963 1372 concione,
985 1339 1025 1365 se
1050 1327 1233 1376 judicem,
1253 1327 1321 1378 qui
1338 1339 1415 1365 non

306 1380 471 1425 affuerit,
502 1381 830 1431 compellaturum,
860 1380 989 1418 Velim
1016 1388 1160 1427 tamen,
1186 1381 1217 1418 si
1243 1380 1337 1431 quid
1358 1388 1414 1419 est

306 1433 354 1471 de
372 1434 535 1472 Antonii
563 1434 728 1472 adventu
757 1433 860 1485 quod
886 1433 1065 1481 audieris,
1095 1434 1233 1472 scribas
1251 1434 1301 1472 ad
1318 1447 1408 1472 me·
1395 1463 1409 1479 ‚

306 1494 359 1533 et,
379 1488 560 1538 quoniam
585 1487 661 1525 huc
685 1499 762 1525 non
780 1487 898 1533 venis,
925 1499 1045 1525 coenes
1069 1487 1173 1538 apud
1193 1499 1262 1526 nos
1279 1487 1412 1539 utique

305 1540 425 1591 pridie
443 1540 526 1580 Cal.
555 1540 658 1580 Cave
671 1541 778 1579 aliter
795 1540 921 1579 facias.
950 1540 1055 1579 Cura
1072 1548 1116 1579 ut
1133 1541 1272 1580 valeas.

538 1702 623 1749 (3.)
652 1699 862 1739 CICERO
890 1700 1110 1740 ATTICO
1137 1702 1178 1740 S.

359 1808 551 1855 Primum,
566 1815 611 1846 ut
628 1807 774 1859 opinor,
791 1815 988 1854 ευαγγελια.
1017 1807 1194 1846 Valerius
1213 1807 1410 1846 absolutus

307 1869 376 1910 est,
408 1861 614 1899 Hortensio
642 1861 875 1900 defendente.
905 1860 954 1898 Id
981 1860 1170 1910 judicium
1201 1860 1256 1898 K.
1284 1862 1409 1900 Atilio

305 1914 560 1954 condonatum
583 1916 813 1966 putabatur:
843 1921 880 1951 et
903 1914 1123 1964 Epicratem
1152 1914 1334 1965 suspicor,
1363 1922 1408 1953 ut

305 1969 448 2015 scribis,
467 1968 651 2006 lascivum
668 1968 796 2007 fuisse.
824 1966 981 2005 Etenim
995 1967 1091 2005 mihi
1109 1967 1239 2018 caligae
1257 1969 1353 2017 ejus,
1364 1976 1409 2006 ut

305 2022 429 2060 fasciae
457 2028 618 2069 cretatae,
648 2033 726 2060 non
757 2022 967 2072 placebant.
1002 2020 1110 2068 Quid
1141 2021 1202 2068 sit,
1232 2021 1405 2069 sciemus,

304 2087 393 2113 cum
411 2075 567 2113 veneris.
597 2075 863 2114 Fenaeuamm
876 2074 1069 2125 angustias
1085 2074 1189 2125 quod
1206 2074 1409 2126 reprehen-

306 2128 377 2175 dis,
397 2128 488 2167 scito
506 2135 544 2167 te
563 2135 672 2180 Κυρου
691 2127 849 2166 παιδειαν
867 2127 1137 2179 reprehendere
1152 2142 1164 2166 :
1193 2140 1300 2178 nam,
1316 2140 1406 2168 cum
